2502 4192
234 287 333 335 192

739 276 1304 332 PHILOSOPHIAE
1343 276 1793 331 NATURALIS

1916 278 2094 344 [Mor.
2125 280 2367 334 CoRPoR.

229 424 473 495 quoniam
496 422 865 492 particularum
890 423 1015 474 situs
1043 430 1163 473 sunt
1199 420 1389 472 similes
1426 429 1479 472 et
1513 420 1646 472 vires
1682 424 2109 490 proportionaleS,
2154 424 2209 493 (ἵ)
2237 425 2371 476 vires

227 523 353 564 totae
379 512 565 582 quibus
589 511 855 579 particulae
894 509 1356 576 correspondentes
1394 508 1670 579 agitantur,
1711 528 1779 560 ex
1802 510 1995 563 viribus
2022 512 2236 582 singulis
2263 513 2371 583 agi-

226 601 452 652 tantibus
479 604 594 668 (per
618 599 794 669 legum
823 596 1170 649 Corollarium
1196 596 1502 661 secundum)
1531 597 1847 664 compositae,
1889 599 2079 651 similes
2104 600 2373 651 habebunt

227 689 693 751 determinationes,
720 686 939 755 perinde
965 703 1024 736 ac
1050 684 1093 735 si
1118 694 1295 736 centra
1319 685 1453 736 inter
1479 685 1756 753 particulas
1787 686 2019 739 similiter
2037 689 2130 739 sita
2149 688 2374 756 respice-

225 790 367 841 rent3
409 788 461 830 et
498 787 649 828 erunt
684 776 817 828 vires
851 774 955 826 illae
980 784 1103 826 totae
1128 774 1196 825 ad
1221 774 1441 825 invicem
1467 784 1525 825 ut
1549 774 1682 825 vires
1722 775 1940 845 singulae
1985 787 2366 844 componentes,

224 872 324 924 hoc
351 880 444 934 est,
484 879 541 921 ut
566 866 1081 936 correspondentium
1104 866 1485 934 particularum¹
1499 866 1737 917 diametri
1770 863 2006 929 inverse,
2034 877 2084 919 et
2121 868 2369 937 quadrata

223 963 553 1015 velocitatum
589 960 812 1013 directe:
852 969 904 1011 et
934 968 1212 1028 propterea
1245 958 1468 1010 efficient
1505 968 1563 1009 ut
1599 958 2059 1026 correspondentes
2101 959 2368 1026 particulae

222 1052 415 1123 figuras
442 1050 631 1103 similes
669 1048 961 1102 describere
996 1058 1232 1119 pergant.

277 1210 330 1262 (ἵ)
352 1213 374 1235 ¹*
405 1212 508 1249 Vires
534 1217 621 1249 totae
647 1211 782 1261 quibus
806 1211 1016 1259 particulae
1047 1221 1268 1258 correspon-

221 1266 348 1302 dentes
362 1266 566 1313 agitantur
576 1265 711 1302 similes
725 1264 913 1301 habebunt
925 1263 1266 1305 determinationes,

220 1324 256 1354 et
274 1324 389 1355 erunt
407 1319 458 1354 ad
474 1318 636 1355 invicem
655 1323 697 1354 ut
711 1316 1081 1365 correspondentiam
1094 1315 1268 1363 particu-

218 1371 350 1408 larum
374 1371 550 1408 diametri
575 1367 722 1409 inverse
748 1376 783 1407 et
810 1370 997 1419 quadrata
1024 1369 1265 1406 velocitatum

220 1424 370 1460 directe.

274 1477 295 1498 ¹*
321 1472 519 1512 Particula
540 1474 578 1513 A
596 1473 697 1512 inter
715 1473 811 1513 duas
833 1474 859 1513 S
877 1480 916 1511 et
937 1473 983 1519 P,
1012 1480 1051 1511 et
1077 1471 1265 1522 particula

217 1540 240 1566 a
258 1526 357 1565 inter
372 1527 471 1565 duas
488 1540 507 1564 5
525 1534 563 1565 et
580 1540 606 1576 p
625 1528 702 1566 sint
719 1527 892 1565 similiter
906 1526 1001 1572 sitae,
1024 1533 1061 1564 et
1074 1525 1262 1575 quecum-

218 1593 294 1630 que
323 1579 513 1618 celeritate
540 1581 581 1617 in
608 1580 815 1618 directione
841 1580 1017 1617 similiter
1034 1577 1158 1627 posite
1177 1592 1262 1627 par-

217 1633 347 1671 ticulae
360 1633 439 1671 illae
461 1633 500 1671 A
519 1640 557 1671 et
574 1647 598 1671 a
615 1633 798 1679 ferantur,
819 1634 1094 1680 trahanturque
1113 1632 1172 1669 vel
1199 1631 1262 1669 fu-

216 1693 359 1737 gentur
375 1686 454 1722 illae
472 1686 668 1735 particulae
692 1687 728 1723 A
740 1694 787 1724 'et
803 1699 826 1723 a
845 1682 869 1721 ὲ
887 1685 1083 1734 particulis
1105 1686 1130 1723 S
1150 1692 1188 1722 et
1211 1685 1258 1730 P,

218 1751 237 1775 5
255 1746 293 1776 et
305 1751 331 1787 p
349 1751 417 1787 per
429 1739 525 1776 vires
539 1752 626 1790 quae
640 1739 716 1777 sint
734 1747 779 1777 ut
797 1738 973 1777 diametri
988 1737 1262 1786 particularum

217 1791 597 1840 correspondentium
624 1792 771 1830 inverse
788 1791 866 1829 sive
884 1798 929 1829 ut
947 1790 1058 1828 lineae
1082 1791 1256 1828 homolo-

217 1857 280 1895 gae
297 1843 456 1890 inverse,
479 1852 517 1882 et
535 1845 719 1895 quadrata
737 1844 982 1882 velocitatum
997 1842 1151 1887 directe,
1173 1843 1260 1881 dico

216 1895 342 1946 prime
355 1897 460 1947 quod
478 1897 636 1936 directio
649 1897 705 1935 vis
719 1896 939 1946 compositae
950 1896 1134 1934 trahentis
1142 1897 1259 1944 parti-

216 1949 322 1988 culas
339 1951 378 1987 A
394 1957 431 1988 et
449 1962 472 1987 a
490 1950 665 1988 similiter
681 1950 805 1999 posita
822 1950 894 1987 erit
906 1949 949 1986 in
964 1956 1125 1998 utroque
1140 1958 1259 1998 syste-

216 2010 331 2049 mate,
361 2015 453 2040 nam
472 2003 608 2054 anguli
630 2004 657 2042 S
680 2004 718 2041 A
743 2003 776 2041 P
797 2010 835 2041 et
853 2016 871 2041 5
888 2015 912 2040 a
929 2015 967 2051 p,
995 2014 1092 2051 quos
1111 2002 1260 2040 faciunt

218 2055 315 2093 vires
347 2063 515 2107 agenteS,
553 2069 601 2094 ex
637 2057 839 2106 hypothesi
874 2055 1041 2105 aequales
1072 2063 1173 2098 sunt,
1203 2055 1259 2093 vis

219 2116 350 2146 autem
370 2109 582 2157 composita
599 2117 780 2160 sequetur
790 2108 1033 2159 diagonalem
1048 2120 1133 2157 quae
1145 2108 1259 2146 faciat

214 2161 380 2210 angulos
392 2174 483 2199 cum
494 2161 702 2200 directione
714 2162 913 2211 utriusque
929 2160 982 2198 vis
993 2162 1257 2209 componentis

214 2226 382 2263 quorum
399 2214 509 2251 sinus
526 2214 603 2252 sint
620 2213 813 2262 reciproce
833 2220 877 2251 ut
891 2213 987 2250 vires
1002 2221 1168 2263 agentes,
1189 2227 1257 2261 per

214 2273 393 2305 naturam
411 2266 550 2305 virium
569 2267 878 2316 compositarum,
913 2266 962 2303 sit
980 2278 1026 2303 ea
1043 2265 1257 2315 diagonalis

213 2319 275 2357 hic
290 2320 329 2358 A
347 2319 407 2366 M,
428 2318 508 2359 illic
524 2332 549 2359 a
561 2332 614 2367 m,
634 2320 707 2359 erit
719 2331 812 2371 ergo
829 2320 937 2358 sinus
948 2318 1084 2370 anguli
1099 2319 1126 2357 S
1144 2319 1181 2357 A
1193 2319 1252 2365 M,

485 2479 525 2516 A
990 2477 1021 2503 a

427 2739 453 2807 f
859 2731 911 2818 5³²?
914 2791 963 2821 .....

393 2812 677 2918 NJ
1046 2857 1093 2936 ἔ

214 3008 264 3047 ad
281 3009 410 3047 sinum
427 3008 565 3059 anguli
586 3008 622 3048 P
643 3009 682 3047 A
704 3009 766 3055 M,
784 3009 934 3049 inverse
942 3004 994 3049 ‘ut
1013 3010 1068 3048 vis
1086 3010 1253 3060 particu-

215 3062 263 3099 1ae
286 3062 312 3100 S
330 3062 379 3100 ad
404 3061 484 3098 vim
511 3061 708 3110 particulae
731 3063 767 3102 P
785 3063 863 3100 sive
894 3062 1036 3102 directe
1068 3072 1112 3102 ut
1138 3065 1251 3102 lineae

214 3115 435 3165 homologae
458 3115 484 3152 S
506 3115 544 3152 A
563 3122 602 3152 et
619 3115 653 3153 P
673 3116 713 3152 A
741 3119 848 3176 (nam
868 3118 1050 3166 quoniam
1068 3116 1117 3154 de
1136 3117 1251 3155 unico

215 3179 372 3215 corpore
394 3168 432 3204 A
452 3179 557 3204 nunc
575 3167 702 3218 agitur
720 3168 816 3206 ratio
842 3169 1115 3219 quadratorum
1144 3170 1248 3208 velo-

212 3219 374 3258 citatum
392 3219 454 3257 hic
469 3220 563 3256 nihil
577 3221 719 3271 mutat)
733 3222 872 3269 pariter
882 3222 988 3259 sinus
1001 3222 1134 3273 anguli
1149 3236 1166 3259 s
1178 3236 1200 3260 a
1210 3235 1248 3260 m

215 3279 274 3310 est
291 3271 339 3309 ad
358 3272 487 3309 sinum
505 3273 638 3322 anguli
658 3286 683 3321 p
701 3286 724 3310 a
741 3286 782 3310 m
801 3281 846 3312 ut
864 3287 882 3312 s
899 3287 921 3312 a
939 3274 988 3312 ad
1007 3288 1031 3323 p
1046 3288 1091 3321 a3
1112 3275 1177 3313 sed
1193 3284 1250 3313 est

217 3326 247 3364 S
269 3326 306 3363 A
327 3324 377 3362 ad
397 3325 433 3362 P
455 3325 492 3362 A
521 3325 620 3363 sicut
638 3339 656 3362 5
673 3339 696 3363 a
709 3325 757 3363 ad
776 3339 801 3375 p
820 3340 844 3364 a
861 3339 908 3364 ex
926 3329 1137 3376 hypothesi,
1158 3341 1249 3379 ergo

214 3376 351 3428 anguli
368 3377 532 3427 aequales
554 3379 580 3415 S
605 3379 639 3415 A
662 3379 697 3416 P
715 3386 754 3416 et
771 3392 789 3416 s
807 3393 830 3417 a
847 3392 872 3428 p
890 3379 931 3417 in
950 3380 1084 3417 eadem
1108 3381 1253 3419 ratione

215 3437 392 3468 secantur
418 3442 486 3479 per
511 3429 631 3467 lineas
660 3432 696 3468 A
719 3432 778 3476 Μ,
812 3445 836 3469 a
853 3445 906 3479 m,
937 3430 1101 3483 ideoque
1119 3433 1253 3484 anguli

218 3484 246 3521 S
268 3485 305 3521 A
327 3483 577 3525 Metsam,
601 3483 1247 3536 MAPetmapsuntaequale5‚

215 3548 308 3588 ergo
326 3535 484 3574 directio
510 3535 566 3572 vis
592 3537 812 3584 compositae
837 3539 1020 3576 trahentis
1047 3539 1252 3588 particulas

218 3591 257 3627 A
277 3596 316 3627 et
331 3603 355 3627 a
371 3589 413 3626 in
431 3588 586 3639 singulo
612 3596 817 3638 systemate
843 3591 1016 3629 similiter
1035 3599 1092 3629 est
1110 3592 1244 3641 posita.

219 3643 271 3687 Q.
292 3649 374 3680 erat
397 3647 429 3680 1.

268 3699 305 3732 2.
339 3695 452 3733 Vires
478 3694 555 3731 illae
584 3694 804 3757 compositae
835 3704 950 3734 erunt
973 3704 1020 3735 ut
1045 3697 1250 3746 particula-

214 3760 353 3837 Eum
334 3747 510 3786 diametri
541 3745 689 3785 inverse
717 3755 756 3785 et
786 3750 971 3798 quadrata
1005 3750 1253 3789 velocitatum

244 3799 368 3838 irecte

1308 1048 1373 1116 (¹¹)
1404 1047 1541 1099 Haec
1568 1047 1640 1098 ita
1667 1065 1721 1098 se
1744 1046 2010 1098 habebunt
2048 1051 2162 1116 (per
2190 1047 2365 1100 Corol.

1326 1209 1363 1245 A
1381 1208 1424 1245 N
1443 1220 1530 1259 quae
1548 1208 1627 1245 vim
1645 1207 1844 1256 particulae
1867 1207 1893 1245 S
1908 1208 2103 1256 exprimat,
2126 1207 2365 1260 ducaturque

1324 1261 1364 1299 N
1387 1260 1448 1305 M,
1479 1260 1662 1309 parallela
1698 1260 1736 1297 A
1760 1261 1807 1307 P,
1840 1268 1880 1297 et
1907 1273 1952 1297 ex
1984 1261 2032 1298 M
2059 1260 2225 1299 ducatur
2254 1263 2299 1300 M
2326 1264 2363 1301 R

1322 1313 1504 1362 parallela
1521 1317 1559 1351 A
1576 1314 1613 1357 S,
1627 1313 1694 1350 flet
1708 1313 2109 1363 parallelogrammum
2132 1315 2168 1351 A
2188 1315 2228 1351 N
2246 1315 2293 1353 M
2311 1316 2361 1360 R,

1317 1365 1360 1404 in
1386 1378 1464 1416 quo
1496 1367 1544 1404 M
1568 1367 1607 1405 R
1624 1382 1680 1402 =
1707 1366 1744 1403 A
1767 1366 1820 1411 N,
1857 1374 1895 1404 et
1921 1366 2089 1417 angulus
2117 1367 2154 1404 A
2180 1368 2222 1404 M
2250 1368 2287 1405 R
2305 1385 2362 1405 =

1320 1432 1409 1470 ang.
1440 1420 1485 1456 M
1510 1421 1547 1457 A
1571 1420 1624 1465 N,
1655 1418 1818 1469 ideoque
1851 1421 1885 1456 A
1909 1420 1949 1457 N
1977 1419 2026 1456 ad
2058 1423 2095 1457 A
2120 1421 2158 1458 R
2186 1427 2231 1458 ut
2257 1421 2364 1460 sinus

1319 1472 1455 1523 anguli
1476 1473 1524 1511 M
1547 1473 1585 1510 A
1610 1473 1648 1510 R
1667 1472 1716 1509 ad
1735 1473 1865 1510 sinum
1884 1485 1972 1523 ang.
1999 1473 2047 1510 M
2070 1474 2106 1509 A
2129 1474 2181 1519 N,
2218 1474 2296 1511 sive
2316 1483 2360 1512 ut

1320 1526 1357 1564 P
1381 1526 1417 1563 A
1438 1525 1487 1563 ad
1509 1526 1535 1563 S
1559 1526 1609 1572 A,
1628 1526 1703 1563 hoc
1721 1532 1778 1563 est
1795 1533 1839 1563 ut
1858 1525 1954 1565 vires
1973 1526 2247 1574 particularum
2278 1528 2304 1565 S
2324 1536 2363 1565 et

1321 1579 1368 1623 P,
1402 1577 1566 1628 ide6que
1594 1580 1630 1616 A
1657 1580 1695 1616 R
1722 1579 1907 1627 exprimet
1925 1578 2002 1614 vim
2022 1579 2218 1627 particulae
2243 1580 2289 1626 P,
2320 1590 2357 1618 et

1320 1632 1356 1669 A
1381 1632 1430 1669 M
1448 1632 1637 1680 exprimet
1663 1633 1739 1670 vim
1768 1631 2016 1679 compositam
2037 1644 2082 1669 ex
2104 1633 2246 1670 viribus
2277 1634 2303 1671 S
2323 1642 2361 1671 et

1319 1684 1367 1722 P.
1429 1685 1611 1722 Sumatur
1625 1685 1665 1722 in
1684 1698 1736 1723 as
1754 1685 1896 1722 lineola
1913 1697 1937 1721 a
1957 1697 1994 1730 n,
2010 1698 2097 1733 quae
2117 1685 2164 1722 sit
2184 1685 2233 1723 ad
2250 1689 2284 1724 A
2304 1687 2355 1733 N,

1316 1745 1361 1775 ut
1380 1750 1403 1774 a
1420 1750 1439 1774 s
1455 1737 1505 1775 ad
1528 1739 1563 1775 A
1590 1739 1616 1776 S
1634 1737 1792 1783 inverse,
1814 1744 1852 1775 et
1872 1745 1915 1774 ut
1928 1737 2158 1786 quadratum
2177 1738 2355 1776 velocita-

1314 1790 1364 1828 tis
1382 1790 1422 1827 in
1441 1803 1464 1828 a
1482 1790 1532 1828 ad
1559 1791 1791 1840 quadratum
1818 1789 2029 1827 velocitatis
2060 1790 2102 1827 in
2133 1792 2171 1828 A
2200 1791 2355 1836 directe,

1312 1843 1516 1893 ductisque
1543 1856 1569 1880 n
1588 1856 1629 1881 m
1656 1851 1694 1882 et
1721 1856 1762 1880 m
1781 1856 1800 1880 r
1827 1842 2017 1892 parallelis
2048 1843 2160 1881 lineis
2187 1857 2210 1881 a
2227 1858 2265 1893 p,
2295 1859 2319 1883 a
2339 1859 2357 1883 5

1314 1903 1428 1934 erunt
1445 1910 1468 1934 a
1486 1909 1513 1933 n
1532 1904 1570 1934 et
1588 1910 1612 1934 a
1629 1910 1649 1934 r
1667 1904 1711 1935 ut
1728 1896 1828 1934 vires
1853 1895 2130 1944 particularum
2149 1909 2167 1934 5
2185 1904 2223 1935 et
2250 1911 2287 1946 p,
2319 1906 2358 1936 et

1314 1963 1337 1987 a
1355 1961 1396 1986 m
1415 1949 1603 1997 exprimet
1620 1950 1696 1987 vim
1713 1962 1760 1987 ex
1778 1949 1825 1987 iis
1842 1948 2106 1997 compositam.

1370 2001 1443 2040 Sed
1462 2004 1512 2040 ob
1530 2002 1824 2041 similitudinem
1851 2001 2134 2052 triangulorum
2166 2002 2203 2040 A
2227 2003 2270 2046 N
2289 2004 2350 2049 M,

1312 2068 1439 2093 anm
1464 2063 1522 2093 est
1552 2056 1590 2093 A
1613 2056 1720 2094 Nad
1743 2056 1781 2094 A
1804 2056 1851 2093 M
1880 2055 2243 2102 sicutanadam‚
2273 2069 2354 2096 sive

1312 2109 1368 2146 vis
1386 2108 1583 2158 particulae
1606 2110 1657 2155 A,
1686 2108 1736 2147 ad
1755 2108 1831 2145 vim
1851 2108 2100 2156 compositam
2120 2121 2167 2145 ex
2186 2117 2353 2157 particu-

1311 2163 1359 2199 lis
1381 2164 1408 2201 S
1427 2170 1465 2200 et
1487 2162 1533 2207 P,
1554 2170 1598 2199 ut
1612 2163 1667 2199 vis
1685 2162 1881 2211 particulae
1900 2173 1924 2198 a
1941 2161 1991 2199 ad
2005 2161 2084 2199 vim
2103 2163 2351 2210 compositam

1311 2228 1356 2252 ex
1383 2214 1580 2264 particulis
1599 2229 1618 2252 5
1636 2223 1673 2252 et
1690 2228 1729 2263 p,
1758 2213 1921 2265 ideoque
1949 2213 2124 2258 vicissim,
2156 2215 2211 2251 vis
2238 2216 2353 2264 parti·

1310 2268 1409 2305 culae
1432 2268 1468 2305 A
1488 2267 1536 2305 ad
1557 2268 1633 2304 vim
1651 2267 1849 2317 particulae
1867 2280 1890 2304 a
1907 2275 1963 2312 ut,
1992 2267 2047 2304 vis
2074 2268 2285 2315 composita
2302 2282 2349 2306 ex

1310 2320 1347 2357 vi
1366 2319 1638 2369 particularum
1668 2322 1694 2359 S
1713 2328 1750 2358 et
1771 2320 1819 2366 P,
1849 2319 1898 2357 ad
1922 2321 1999 2357 vim
2027 2321 2276 2368 compositam
2304 2334 2350 2359 ex
2397 2343 2400 2346 ·

1310 2374 1452 2412 viribus
1465 2373 1737 2422 particularum
1757 2386 1775 2410 5
1793 2380 1832 2410 et
1849 2386 1898 2421 p;
1928 2372 1995 2410 sed
2013 2373 2069 2409 vis
2087 2373 2286 2421 particulae
2310 2375 2348 2412 A

1310 2434 1368 2464 est
1385 2426 1434 2464 ad
1453 2427 1530 2463 vim
1558 2426 1755 2475 particulae
1779 2439 1816 2472 a,
1845 2424 1989 2462 inverse
2009 2433 2053 2463 ut
2071 2425 2348 2474 particularum

1304 2478 1490 2523 diametri,
1521 2487 1559 2517 et
1576 2478 1720 2517 directe
1745 2486 1790 2516 ut
1817 2478 2060 2516 velocitatum
2085 2478 2271 2529 quadrata
2300 2493 2347 2517 ex

1306 2533 1520 2582 hypothesi,
1555 2545 1647 2583 ergo
1674 2532 1770 2570 vires
1797 2532 2017 2580 compositae
2043 2532 2194 2569 suntin
2213 2532 2347 2571 eadem

1304 2586 1462 2623 ratione.
1525 2586 1579 2629 Q.
1600 2583 1642 2622 es
1658 2585 1696 2623 d.

1361 2638 1474 2676 Idem
1500 2639 1742 2675 ratiocinium
1763 2637 1812 2674 ad
1830 2636 1927 2674 vires
1945 2637 2174 2686 compositas
2193 2651 2238 2676 ex
2259 2639 2344 2688 plu-

1303 2691 1409 2730 ribus
1436 2691 1630 2741 particulis
1657 2690 1896 2728 extendetur.
1959 2690 2076 2728 Unde
2107 2693 2202 2730 vires
2241 2700 2343 2736 τοίω,

1305 2746 1374 2784 &c.

1360 2797 1417 2849 (¹²)
1440 2800 1460 2822 *
1485 2800 1583 2837 Haec
1602 2800 1655 2836 ita
1682 2811 1719 2836 se
1746 2798 1935 2835 habebunt
1963 2797 2050 2847 (per
2071 2796 2161 2834 Cor.
2189 2800 2223 2834 1.
2245 2802 2284 2834 et
2304 2801 2340 2834 8.

1307 2851 1422 2901 Prop.
1448 2851 1525 2890 IV.
1560 2851 1644 2889 Lib.
1673 2849 1740 2899 1.).
1804 2850 1889 2887 Aut
1919 2849 2025 2900 quod
2055 2848 2160 2887 idem
2191 2856 2250 2888 est
2277 2862 2347 2898 per

1305 2905 1378 2943 hoc
1400 2905 1574 2942 Lemma.

1363 2962 1448 2997 189.
1481 2959 1656 2996 Lemma.
1719 2955 1758 2994 Si
1792 2968 1949 3003 corpora
1981 2955 2059 2993 duo
2096 2956 2143 2999 A,
2179 2968 2213 3002 a,
2243 2955 2344 2993 circa

1305 3018 1435 3048 centra
1463 3010 1622 3047 immota
1644 3010 1682 3055 S,
1712 3024 1742 3055 s,
1774 3009 2019 3058 projiciantur
2045 3009 2258 3047 secundum
2285 3009 2344 3047 di-

1305 3064 1490 3101 rectiones
1518 3063 1554 3100 A
1579 3063 1631 3106 D,
1654 3076 1677 3100 a
1694 3062 1730 3106 d,
1758 3075 1846 3111 quae
1865 3073 1955 3098 cum
1974 3060 2160 3099 distantiis
2192 3063 2228 3099 A
2252 3063 2279 3100 S
2305 3069 2345 3099 et

1303 3129 1326 3153 a
1340 3130 1358 3153 5
1377 3116 1541 3167 aequales
1555 3115 1718 3165 angulos
1735 3115 1775 3152 D
1796 3116 1832 3151 A
1852 3114 1890 3159 S,
1911 3113 1937 3150 d
1956 3127 1978 3151 a
1996 3127 2014 3151 s
2033 3114 2284 3160 constituunt,
2305 3122 2345 3152 et

1306 3177 1515 3220 urgeantur
1543 3168 1686 3206 viribus
1712 3166 2036 3205 acceleratricibus
2062 3175 2192 3204 centra
2211 3167 2280 3205 illa
2301 3168 2341 3213 S,

1303 3234 1321 3259 s
1348 3221 1645 3271 respicientibus,
1685 3233 1772 3271 quae
1800 3232 1949 3267 semper
1979 3219 2057 3256 sint
2087 3219 2187 3257 inter
2222 3233 2262 3257 sc
2298 3228 2344 3258 ut

1302 3275 1486 3325 quadrata
1504 3274 1748 3312 velocitatum
1766 3284 1969 3326 corporum
1988 3271 2129 3310 directe
2142 3280 2182 3310 et
2198 3272 2343 3311 distan-

1305 3329 1369 3365 tiae
1388 3341 1410 3365 a
1429 3327 1568 3366 centris
1585 3325 1741 3369 inverse,
1772 3338 1928 3373 corpora
1945 3324 2012 3363 illa
2030 3325 2173 3375 figuras
2200 3326 2344 3363 similes

1305 3378 1407 3418 circa
1425 3387 1554 3418 centra
1577 3380 1603 3418 S
1621 3387 1659 3416 et
1677 3391 1695 3416 5
1713 3377 1937 3421 describent,
1959 3378 2177 3428 similesque
2196 3387 2234 3415 et
2254 3392 2342 3427 pro-

1307 3433 1537 3481 portionales
1564 3432 1776 3483 figurarum
1795 3431 1947 3469 illarum
1965 3439 2090 3481 partes
2107 3432 2343 3480 temporibus

1306 3485 1650 3535 proportionalibus
1668 3491 1901 3533 percurrent.

1359 3538 1409 3576 In
1428 3537 1683 3589 projectilium
1710 3536 1980 3575 directionibus
1998 3536 2197 3585 capiantur
2214 3543 2340 3585 partes

1304 3603 1422 3640 quam
1441 3591 1614 3629 minimae
1637 3591 1672 3628 A
1690 3591 1744 3636 D,
1764 3603 1787 3627 a
1805 3589 1832 3627 d
1851 3588 2039 3628 distantiis
2062 3590 2098 3626 A
2117 3590 2156 3635 S,
2177 3602 2200 3626 a
2218 3602 2236 3625 5
2254 3602 2342 3637 pro-

1304 3644 1544 3692 portionales.
1604 3643 1830 3694 Jungantur
1852 3643 1878 3680 S
1896 3643 1948 3685 D,
1970 3655 1988 3679 s
2007 3640 2031 3678 d
2051 3650 2089 3680 et
2108 3654 2267 3689 corpora
2290 3645 2340 3688 A,

1304 3710 1328 3734 a
1363 3697 1598 3745 temporibus
1629 3695 1825 3745 quibusvis
1859 3695 1904 3739 T,
1934 3701 1952 3731 t
1980 3692 2195 3731 describant
2230 3707 2342 3735 arcus

1312 3750 1350 3788 A
1374 3750 1423 3795 B,
1444 3749 1594 3800 abqui
1625 3748 1745 3787 lineas
1776 3748 1803 3785 S
1824 3748 1878 3793 D,
1907 3745 1967 3784 sd
2001 3747 2207 3797 attingunt.
2268 3748 2342 3785 Su-

1307 3809 1464 3839 mantur
1494 3814 1605 3840 arcus
1634 3802 1672 3839 A
1697 3801 1741 3847 F,
1770 3814 1793 3839 a
1810 3802 1835 3838 b
1853 3799 1919 3850 qui
1937 3798 2071 3836 eodem
2100 3800 2342 3848 tempuscula

271 3853 428 3890 Secetur
455 3860 668 3903 utcumque
689 3853 731 3891 in
759 3832 968 3892 directione
999 3855 1037 3893 A
1061 3855 1087 3894 S
1114 3855 1256 3894 lineola
1307 3854 1484 3906 descripti
1511 3854 1600 3902 sint,
1629 3861 1668 3892 et
1685 3828 1800 3892 dlicta
1822 3852 1856 3891 F
1875 3852 1916 3890 G
1934 3851 2115 3900 parallela
2141 3853 2167 3890 S
2190 3853 2243 3899 D,
2272 3851 2344 3890 erit
