2502 4192
270 296 376 343 244
810 284 1378 341 PHILOSOPHIAE
1419 285 1870 339 NATURALIS
1959 286 2412 352 [Mor.CORPOR.

269 432 322 482 in
360 450 539 495 vacuo,
582 431 659 500 (¹¹¹)
687 431 759 482 ita
783 429 1009 481 densitas
1036 445 1183 497 aquae
1209 426 1276 477 ad
1303 426 1609 477 densitatem
1646 426 1804 497 globi,
1836 427 1899 496 (¹¹)
1928 437 1979 480 et
2003 430 2075 480 ita
2099 439 2271 498 partes
2297 440 2414 481 octo

267 523 434 574 tertiae
460 511 697 574 diametri
721 520 865 591 globi
893 519 1008 588 (viz.
1038 525 1087 581 2,
1111 523 1286 572 24597
1306 517 1434 588 dig.)
1463 517 1528 568 ad
1556 518 1778 586 spatium
1805 524 1837 569 2
1867 518 1926 582 F,
1956 521 2016 587 (⁰)
2037 520 2176 589 quod
2196 520 2417 588 proinde

267 615 365 666 erit
390 622 440 677 4,
463 620 603 666 4256
630 611 735 682 dig.
813 610 1016 662 Globus
1037 619 1270 677 tempore
1295 609 1480 659 minuti
1501 609 1652 659 unius
1681 609 1907 672 secundi,
1929 619 2038 661 toto
2064 630 2157 662 suo
2183 611 2417 678 pondere

265 722 548 777 granorum
578 700 762 767 156}{,
807 702 871 769 (P)
900 699 1133 752 cadendo
1158 700 1213 750 in
1237 718 1401 751 vacuo
1428 700 1685 752 describet
1709 699 1898 771 digitos
1930 706 2080 768 1933,
2109 713 2161 754 et
2185 702 2417 771 pondere

265 811 544 866 granorum
566 799 650 856 77,
679 792 864 845 eodem
880 802 1115 860 tempore
1143 790 1252 842 sine
1277 790 1563 843 resistentia
1590 791 1825 843 cadendo
1850 792 1904 842 in
1921 792 2052 862 aqua
2076 794 2138 861 (q)
2157 794 2418 847 describet

266 887 456 958 digitos
485 892 574 949 95,
598 891 733 947 219;
774 884 833 953 (¹)
862 893 913 936 et
937 893 1170 952 tempore
1200 882 1269 946 G,
1312 883 1452 952 quod
1479 882 1541 934 sit
1568 882 1635 934 ad
1660 883 1918 935 minutum
1942 902 2107 935 unum
2132 885 2417 937 secundum

263 969 329 1026 in=
346 974 704 1043 subduplicata
739 973 938 1025 ratione
965 972 1116 1041 spatii
1144 972 1188 1023 F
1213 990 1302 1023 seu
1328 978 1379 1034 2,
1402 979 1540 1025 2128
1569 973 1673 1044 dig.
1702 973 1768 1024 ad
1795 980 1880 1037 95,
1900 979 2005 1026 219
2030 973 2136 1044 dig.
2163 974 2419 1028 describet

265 1073 315 1130 2,
339 1073 477 1119 2128
507 1066 611 1138 dig.
640 1076 693 1117 et
717 1065 1042 1118 velocitatem
1067 1064 1347 1116 maximam
1375 1064 1437 1116 H
1463 1066 1693 1135 acquiret
1718 1065 1937 1136 quacum
1974 1076 2146 1136 potest
2182 1067 2234 1118 in
2274 1066 2410 1137 aqua

264 1157 595 1210 descendere.
665 1158 722 1226 (⁵)
764 1156 860 1207 Est
902 1156 1060 1226 igitur
1104 1165 1308 1223 tempus
1356 1155 1410 1207 G
1435 1156 1516 1217 O'',
1542 1162 1732 1207 15244.
1809 1155 1879 1207 Et
1914 1155 2016 1207 hoc
2061 1166 2297 1224 tempore
2341 1156 2411 1219 G,

264 1266 381 1300 cum
419 1248 694 1300 velocitate
718 1245 805 1298 illa
830 1244 1057 1297 maxima
1098 1244 1176 1308 H,
1215 1244 1402 1316 globus
1442 1245 1698 1297 describet
1735 1245 1958 1312 spatium
1993 1252 2024 1296 2
2054 1245 2099 1297 F
2133 1245 2440 1316 digitorum>

264 1348 314 1401 4,
334 1344 504 1400 4256;
542 1337 599 1406 (¹⁵)
627 1336 847 1406 ideoque
882 1344 1116 1403 tempore
1156 1333 1474 1385 minutorum
1513 1343 1735 1403 quatuor
1772 1333 2117 1385 secundorum
2155 1332 2417 1385 describet

263 1429 483 1499 spatium
511 1428 792 1499 digitorum
824 1434 942 1490 116,
970 1433 1123 1488 1245.
1200 1426 1265 1495 (¹²)
1297 1425 1627 1479 Subducatur
1654 1426 1876 1495 spatium
1906 1433 1951 1489 1,
1977 1432 2222 1478 3862944
2255 1426 2298 1477 F
2325 1445 2416 1476 seu

263 1527 312 1581 3,
331 1524 470 1574 0676
499 1517 602 1589 dig.
632 1527 683 1569 et
707 1516 936 1568 manebit
962 1515 1185 1584 spatium
1205 1522 1322 1577 113,
1342 1522 1482 1568 0569
1504 1514 1788 1585 digitorum
1805 1515 1943 1584 quod
1965 1515 2156 1585 globus
2177 1514 2414 1565 cadendo

260 1611 315 1662 in
353 1606 504 1677 aqua,
551 1606 605 1657 in
643 1624 761 1657 vase
799 1605 1132 1673 amplissimO,
1181 1614 1413 1672 tempore
1451 1604 1769 1655 minutorum
1808 1614 2030 1673 quatuor
2070 1604 2412 1655 secundorum

261 1698 534 1750 describet.
614 1697 741 1749 Hoc
779 1696 1018 1764 spatium,
1059 1694 1127 1745 ob
1165 1693 1456 1764 angustiam
1493 1693 1626 1744 vasis
1662 1693 1822 1764 lignei
1857 1692 2110 1762 praedicti,
2156 1694 2222 1762 (Χ)
2250 1692 2416 1744 minui

316 1837 384 1889 (m)
411 1841 432 1863 ³¹⁵
457 1840 519 1877 Ita
538 1838 703 1875 densitas
722 1849 835 1887 aquae
852 1837 914 1879 ad,
936 1835 1005 1872 ἃς.
1031 1833 1161 1885 (283).

318 1892 375 1943 (“)
401 1894 420 1916 *
446 1894 500 1930 Et
519 1893 573 1929 ita
597 1898 727 1940 partes
753 1896 832 1927 octo
862 1891 981 1927 tertiae
1005 1889 1182 1926 diametri
1196 1887 1306 1937 globi,

260 1946 331 1984 διο.
395 1945 471 1982 Per
493 1945 608 1993 Prop.
635 1942 726 1980 XL.
753 1942 844 1980 Lib.
866 1942 928 1979 II.

318 1997 373 2050 (⁰)
405 2000 426 2022 *
454 2000 562 2041 Quod
585 1998 747 2047 proinde
772 1998 841 2034 erit
875 1999 913 2041 4,
930 1997 1035 2033 4256
1069 1996 1141 2043 dig.
1203 1994 1307 2031 Nam

264 2053 411 2117 79}{}:
439 2053 581 2117 1563}
609 2080 665 2100 =
696 2066 799 2101 3015
828 2078 837 2100 ι
869 2066 968 2101 5941
1002 2077 1060 2098 =
1088 2065 1124 2107 2,
1143 2065 1303 2100 24597:

261 2121 300 2163 4,
317 2123 433 2164 4256,
454 2131 572 2168 quam
593 2115 779 2166 proxime.

318 2171 373 2223 (p)
397 2178 486 2211 289.
525 2175 546 2195 *
573 2173 749 2209 Cadendo
770 2171 813 2207 in
832 2182 950 2208 vacuo
979 2169 1157 2206 describet
1176 2170 1309 2217 digitos

266 2224 387 2276 1937}
448 2224 645 2269 Quoniam
666 2223 847 2271 corporis,
875 2222 1085 2270 praesertim
1113 2222 1307 2270 gravioris,

261 2278 519 2316 oscillationes
555 2290 642 2327 quae
673 2277 713 2313 in
745 2275 959 2313 minoribus
995 2276 1159 2311 arcubus
1195 2274 1306 2319 fiunt,

261 2329 398 2368 iisdem
418 2343 535 2381 quam
555 2328 728 2378 proxime
748 2329 984 2377 temporibus
1011 2335 1249 2377 peraguntur
1267 2329 1309 2365 in

261 2384 347 2421 a'ere
379 2394 417 2422 et
445 2384 486 2421 in
512 2395 635 2421 vacuo
665 2386 751 2435 (per
783 2383 873 2420 Cor.
898 2386 933 2419 2.
971 2381 1085 2429 Prop.
1108 2381 1307 2418 XXVII.

265 2437 353 2475 Lib.
376 2437 480 2487 11.);
500 2437 666 2486 spatium
687 2434 793 2486 quod
810 2448 925 2485 grave
939 2433 1111 2472 cadendo
1129 2434 1168 2470 in
1190 2447 1310 2472 vacuo

263 2498 437 2539 tempore
465 2490 606 2527 minuti
626 2490 743 2526 unius
761 2488 921 2526 secundi
949 2486 1139 2533 describit,
1169 2494 1225 2524 est
1244 2500 1309 2536 pe-

261 2555 356 2594 dum
382 2555 657 2594 Parisiensium
681 2544 811 2608 15513,
841 2568 908 2592 seu
928 2554 1142 2592 accuratius
1168 2553 1309 2605 digito-

261 2632 351 2657 rum
389 2612 496 2658 1812-
523 2634 639 2673 quam
672 2620 846 2670 proxime
879 2625 990 2673 (471.
1023 2621 1113 2659 Lib.
1146 2621 1229 2669 I.);
1268 2629 1307 2660 et

261 2673 353 2722 quia
372 2687 438 2722 pes
497 2675 720 2712 ondinensis
739 2675 835 2723 pede
858 2675 1064 2712 Parisiensi
1091 2674 1220 2711 minor
1247 2683 1305 2713 est

260 2725 301 2762 in
320 2727 467 2765 ratione
491 2733 537 2768 15
556 2728 606 2766 ad
627 2733 689 2774 16,
710 2729 781 2766 erit
795 2728 960 2777 spatium
977 2728 1076 2766 illud
1094 2728 1306 2779 digitorum

263 2789 574 2829 Londinensium
616 2784 769 2847 1937}ss
808 2808 875 2832 seu
912 2793 993 2831 fere
1034 2794 1148 2846 1953}
1213 2796 1306 2834 Hoc

260 2845 427 2891 spatium
461 2845 594 2895 augeri
624 2849 829 2894 paululum
863 2847 975 2885 debet
1007 2850 1057 2884 ob
1084 2847 1238 2897 pondus
1265 2848 1306 2886 in

260 2897 347 2933 aie're
365 2897 572 2936 osculantis
596 2899 845 2946 diminutum,
880 2909 918 2938 et
944 2899 1032 2938 ideo
1059 2902 1154 2950 poni
1180 2910 1306 2951 potest

261 2959 371 3012 digit.
395 2962 524 3000 Lond.
552 2953 657 3016 193ss
677 2979 792 3016 quam
813 2965 999 3015 proxime.
1234 3000 1237 3002 .

316 3013 372 3065 (q)
410 3018 430 3038 '⁴
460 3019 657 3058 Describet
678 3022 810 3069 digitos
847 3025 909 3065 95,
929 3024 1015 3060 219.
1075 3021 1178 3058 Nam
1206 3022 1305 3060 vires

262 3067 476 3106 uniformes
495 3073 586 3109 sumt
604 3080 648 3110 ut
666 3073 785 3121 spatia
804 3086 894 3123 quae
914 3086 1053 3122 corpus
1071 3075 1214 3112 viribus
1229 3076 1305 3113 illis

262 3119 450 3170 agitatum
470 3122 560 3161 dato
578 3132 749 3174 tempore
768 3126 946 3164 describit
968 3127 1082 3176 (179)
1098 3142 1110 3174 ;
1132 3136 1171 3166 et
1189 3142 1302 3177 prop-

262 3193 365 3224 terea
388 3178 528 3241 1563}
548 3196 605 3226 est
622 3189 671 3227 ad
691 3194 740 3229 77
763 3198 808 3227 ut
831 3180 935 3242 1933}
955 3192 1033 3244 dig.
1057 3194 1107 3231 ad
1135 3195 1302 3243 spatium

262 3240 368 3290 quod
396 3241 532 3291 globus
550 3241 587 3278 vi
605 3243 783 3290 ponderis
811 3257 1021 3294 granorum
1052 3252 1100 3286 77
1133 3255 1305 3297 tempore

262 3293 404 3330 minuti
434 3296 551 3331 unius
579 3297 738 3333 secundi
772 3296 854 3334 sine
890 3299 1104 3337 resistentia
1130 3301 1305 3340 cadendo

262 3346 465 3393 describit;
486 3346 592 3385 unde
611 3350 777 3397 spatium
797 3351 868 3389 hoc
883 3352 1007 3401 prodit
1024 3359 1087 3400 95,
1099 3359 1176 3394 219
1191 3354 1300 3406 digit.

262 3411 379 3450 quam
399 3399 582 3447 proxime.

220 3497 224 3500 θ
318 3452 372 3504 (¹)
395 3456 416 3477 ¹⁸
440 3455 496 3513 Et
515 3460 678 3513 tempqre
702 3458 749 3502 G,
770 3461 873 3508 quod
890 3461 950 3503 sit,
972 3460 1040 3497 διο.
1078 3460 1206 3509 Spatia
1219 3474 1306 3511 quae

261 3517 401 3554 corpus
420 3519 457 3542 v1
476 3505 655 3554 pondens
673 3509 733 3546 sui
752 3513 1001 3559 comparativi
1025 3518 1072 3552 77
1093 3526 1201 3564 gran.
1224 3516 1308 3552 sine

261 3559 473 3597 resistentia
497 3558 670 3597 cadendo
698 3562 889 3611 describit,
922 3574 1013 3604 sunt
1042 3566 1082 3604 in
1110 3567 1306 3617 duplicata

260 3613 409 3650 ratione
429 3622 645 3662 temporum
666 3615 806 3664 quibus
820 3617 1088 3657 describuntur
1109 3623 1190 3672 (27.
1215 3621 1301 3659 Lib.

264 3664 336 3713 L).
395 3666 505 3717 Ergo
532 3674 686 3715 tempus
717 3668 767 3711 G,
802 3682 880 3718 quo
904 3684 1043 3720 corpus
1070 3673 1105 3709 vi
1130 3673 1308 3722 ponderis

260 3720 320 3754 sui
341 3719 588 3768 comparativi
608 3719 689 3758 sine
708 3720 919 3761 resistentia
939 3725 1112 3763 cadendo
1132 3726 1309 3765 describit

261 3772 429 3819 spatium
460 3772 493 3810 F
522 3774 608 3823 (per
629 3773 745 3823 Prop.
774 3774 907 3824 XL.),
942 3786 998 3816 est
1029 3779 1079 3817 ad
1109 3780 1306 3818 minutum

261 3835 387 3861 unum
420 3826 633 3863 secundum
664 3826 704 3863 in
732 3827 1001 3877 subdupiicata
1022 3832 1167 3871 ratione
1194 3833 1307 3882 spatii

264 3875 297 3912 F
317 3890 385 3915 scu
406 3882 442 3923 2,
462 3882 564 3917 2128
584 3878 663 3930 dig.
688 3880 736 3919 ad
758 3885 821 3929 95,
841 3886 918 3922 219
937 3882 1045 3934 digit.

1417 1831 1468 1884 (⁸)
1491 1838 1580 1872 290.
1614 1836 1636 1858 *
1659 1834 1733 1872 Est
1751 1836 1870 1883 igitur
1887 1842 2036 1884 tempus
2060 1836 2095 1874 G
2114 1833 2174 1881 O'',
2194 1839 2331 1874 15244.
2369 1834 2412 1873 Si

1357 1885 1472 1936 juxta
1490 1894 1623 1925 notam
1652 1891 1742 1933 286,
1771 1887 2052 1936 multiplicetur
2077 1888 2160 1925 haec
2179 1888 2315 1926 fractio
2342 1901 2415 1937 per

1363 1952 1572 1978 numerum
1601 1945 1638 1987 5,
1670 1940 1903 1989 productum
1929 1941 2001 1978 erit
2027 1941 2085 1984 O'',
2102 1946 2207 1979 7622
2231 1954 2300 1979 seu
2328 1941 2414 1980 46¹⁰

1362 1992 1453 2031 fere.
1501 1994 1633 2038 Quare
1652 1993 1802 2044 globus,
1824 1994 1935 2044 cujus
1949 1994 2137 2032 diameter
2156 2003 2212 2032 est
2226 2001 2265 2040 O,
2284 2000 2416 2033 84224

1362 2046 1532 2095 partium
1560 2047 1672 2098 digiti
1690 2055 1729 2084 et
1747 2047 1900 2095 pondus
1917 2047 1957 2084 in
1978 2048 2064 2085 a'e're
2096 2048 2198 2100 1562}
2217 2061 2337 2099 gran„
2371 2048 2414 2085 in

1363 2113 1462 2149 aqua
1493 2100 1666 2138 cadendo
1701 2108 1875 2149 tempore
1906 2100 1990 2139 ‘16⁸'
2021 2101 2209 2139 describet
2244 2102 2413 2150 spatium

1366 2157 1415 2192 19
1434 2153 1512 2204 dig.
1546 2154 1694 2192 circiter
1721 2161 1761 2191 et
1788 2154 1999 2191 maximam
2032 2153 2142 2191 suam
2171 2154 2412 2192 velocitatem

1362 2208 1557 2256 acquirere
1570 2217 1685 2258 atque
1699 2214 1831 2255 postea.
1842 2206 2028 2245 uniformi
2040 2207 2239 2246 velocitate
2253 2207 2412 2246 descen-

1363 2259 1454 2298 dere
1472 2260 1664 2298 videbitur
1684 2262 1815 2313 (286).

1419 2313 1471 2365 (t)
1496 2316 1515 2337 *
1538 2315 1701 2364 Ide6que
1720 2321 1884 2364 tempore
1902 2316 2145 2354 minutorum
2171 2323 2336 2365 quatuor
2353 2329 2410 2353 se·-

1364 2370 1591 2410 cundorum,
1614 2369 1683 2405 Sco.
1721 2370 1820 2405 Sunt
1833 2368 1939 2404 enim
1958 2376 2130 2416 tempora
2148 2377 2192 2405 ut
2211 2369 2332 2416 spatia
2346 2381 2410 2405 ve-

1363 2419 1517 2457 locitate
1546 2421 1734 2458 uniformi
1755 2422 1799 2458 H
1820 2420 2019 2468 descripta,
2050 2428 2089 2458 et
2114 2420 2173 2466 O'',
2195 2425 2326 2460 15244
2355 2428 2412 2459 est

1365 2473 1414 2510 ad
1434 2472 1480 2509 4''
1500 2480 1544 2510 ut
1563 2478 1600 2519 4,
1617 2478 1723 2513 4256
1742 2474 1791 2511 ad
1815 2479 1901 2519 116,
1923 2477 2024 2512 1245
2043 2472 2133 2512 fere.

1418 2526 1474 2577 (²¹)
1507 2529 1527 2550 ⁴*
1558 2529 1805 2566 Subducatur
1831 2529 2010 2577 spatium,
2039 2528 2110 2565 διε.
2172 2527 2345 2577 Tempus
2375 2528 2411 2566 P

1362 2588 1421 2618 est
1440 2579 1679 2618 minutorum
1699 2580 1957 2619 secundorum
1976 2588 2154 2632 quatuor,
2176 2589 2214 2618 et
2233 2589 2279 2618 ut
2302 2581 2339 2619 G
2359 2580 2410 2618 ad

1364 2664 1400 2703 P
1425 2664 1478 2702 ita
1504 2672 1561 2702 est
1589 2670 1614 2703 2
1634 2665 1668 2703 F
1686 2665 1735 2704 ad
1763 2665 1905 2717 digitos
1936 2668 2147 2711 116‚1245
2174 2681 2231 2702 =
2253 2639 2278 2670 2
2304 2635 2336 2671 Ρ
2359 2634 2392 2671 F

2322 2700 2335 2711 .
2392 2692 2403 2711 ι

1359 2750 1427 2790 sed
1461 2753 1547 2804 (per
1577 2751 1696 2802 Prop.
1722 2750 1841 2802 XL.)
1871 2751 2040 2801 spatium
2067 2750 2172 2801 quod
2198 2699 2338 2802 glebii}
2366 2749 2407 2787 in

1359 2850 1461 2889 aqua
1491 2837 1665 2875 cadendo
1697 2845 1871 2886 tempore
1901 2836 1937 2875 P
1963 2836 2154 2883 describit,
2183 2844 2240 2874 est
2269 2810 2293 2841 2
2314 2803 2353 2907 ἓ
2378 2804 2408 2841 F

1357 2946 1411 2954 —
1441 2928 1476 2969 1,
1507 2928 1691 2963 3862944
1734 2924 1779 2969 F,
1818 2922 2009 2973 neglecto,
2049 2922 2203 2969 scilicet,
2241 2922 2408 2960 termino

1358 2981 1396 3023 4,
1413 2981 1622 3016 60517016
1644 2978 1680 3016 L
1703 2977 1748 3022 F,
1785 2976 1852 3027 qui
1880 2978 1930 3014 ob
1958 2975 2183 3025 parvitatem
2202 2976 2265 3013 hic
2283 2982 2409 3024 potest

1357 3030 1443 3068 tuto
1462 3030 1669 3068 contemni.

1413 3090 1472 3142 (¹)
1495 3093 1584 3129 291.
1618 3093 1639 3115 ¹¹
1661 3091 1796 3129 Minui
1813 3091 1919 3128 debet
1937 3091 1978 3128 in
1996 3091 2155 3133 ratione,
2176 3089 2245 3126 Sec.
2283 3088 2401 3127 Globi

1357 3142 1447 3181 data
1465 3142 1667 3182 velocitate
1693 3143 1790 3181 moti
1817 3142 2027 3180 resistentia
2048 3143 2089 3179 in
2108 3154 2194 3179 vase
2213 3142 2384 3190 amplissi

1358 3209 1425 3234 mo
1444 3196 1493 3234 sit
1512 3208 1542 3240 r,
1565 3197 1605 3233 in
1625 3209 1711 3234 vase
1730 3195 1956 3246 angustiore
1979 3196 2031 3241 R,
2051 3196 2168 3245 hujus
2186 3196 2284 3232 vasis
2302 3194 2406 3232 orifi-

1359 3250 1464 3288 cium
1476 3249 1625 3299 aequale
1643 3249 1692 3288 sit
1706 3248 1850 3287 circulo
1865 3261 1898 3295 c,
1912 3247 2080 3286 circulus
2094 3248 2197 3298 globi
2214 3248 2407 3285 maximus

1360 3304 1409 3341 sit
1426 3315 1478 3347 m,
1500 3302 1667 3340 densitas
1685 3302 1791 3353 globi
1809 3301 1840 3345 ὃ,
1861 3300 2028 3339 densitas
2046 3300 2153 3339 fluidi
2173 3301 2222 3347 d;
2244 3301 2300 3338 vis
2318 3300 2405 3337 uni-

1360 3355 1497 3393 formis
1515 3355 1595 3405 qua
1613 3363 1717 3393 totus
1735 3354 1842 3406 globi
1861 3363 2004 3400 motus,
2033 3367 2111 3404 quo
2129 3362 2301 3403 tempore
2319 3361 2406 3391 octo

1361 3409 1490 3447 tertias
1509 3416 1636 3457 partes
1650 3408 1827 3446 diametri
1846 3421 1927 3445 suae
1947 3407 2190 3445 uniformiter
2217 3406 2406 3444 describe-

1361 3470 1421 3499 ret
1438 3461 1522 3499 tolli
1542 3462 1660 3510 possit
1678 3461 1738 3499 vel
1757 3461 1945 3512 generari,
1965 3460 2015 3498 sit
2033 3474 2070 3510 p.
2106 3461 2162 3498 Et
2181 3463 2267 3510 (per
2284 3460 2401 3507 Prop.

1364 3515 1662 3564 XXXVIII.)
1692 3515 1762 3552 erit
1780 3528 1835 3564 p:
1858 3526 1878 3550 r
1894 3530 1952 3550 =
1972 3513 1989 3551 δ
2013 3530 2020 3550 :
2045 3513 2096 3560 d;
2118 3520 2155 3550 et
2176 3515 2261 3562 (per
2285 3512 2400 3560 Prop.

1364 3568 1611 3617 XXXIX.)
1646 3569 1683 3606 R
1712 3584 1721 3606 ι
1753 3566 1906 3616 p=d
1931 3569 2023 3605 03:
2056 3565 2075 3604 δ
2103 3564 2334 3617 [εὶ-ξω]
2359 3569 2400 3610 ><

1365 3621 1405 3674 [c
1423 3643 1477 3652 -—
1495 3621 1553 3674 m]
1575 3623 1593 3644 ²
1610 3636 1622 3669 ;
1643 3628 1681 3659 et
1699 3628 1912 3669 propterea,
1933 3619 2150 3669 conjunctis
2167 3619 2226 3654 his
2246 3619 2403 3655 rationi-

1361 3678 1446 3720 bus,
1479 3675 1546 3713 R:
1572 3676 1734 3711 r=c³
1764 3689 1774 3716 ς
1808 3671 1965 3724 [ο-ἑ
1990 3671 2049 3724 m]
2082 3676 2123 3717 ><
2159 3670 2343 3724 [c—m]
2366 3672 2397 3707 ².

1366 3728 1470 3766 Data
1498 3727 1618 3779 igitur
1637 3726 1834 3772 velocitate
1861 3725 1976 3776 globi,
2010 3723 2223 3762 resistentia
2249 3723 2289 3760 in
2317 3736 2404 3760 vase

1362 3782 1597 3829 amplissimo
1614 3788 1671 3818 est
1689 3779 1738 3817 ad
1756 3777 2006 3817 resistentiam
2025 3777 2067 3814 in
2081 3790 2167 3815 vase
2186 3776 2405 3827 angustiore

1360 3834 1401 3871 in
1420 3834 1509 3872 data
1528 3833 1676 3871 ratione
1696 3832 1735 3883 [c
1752 3854 1807 3863 —
1823 3831 1850 3882 ᾗ
1870 3831 1927 3883 m]
1951 3835 1992 3877 ><
2018 3829 2057 3881 [c
2075 3853 2128 3860 —
2146 3830 2204 3882 m]
2225 3832 2244 3852 2
2264 3829 2312 3866 ad
2334 3830 2396 3866 c3.

1363 3887 1569 3926 Brevitatis
1604 3884 1721 3924 causa
1757 3892 1924 3935 ponatur
1954 3896 1974 3920 r
2006 3883 2056 3921 ad
2086 3884 2125 3922 R
2157 3891 2202 3921 ut
2232 3886 2246 3920 1
2281 3881 2330 3919 ad
2357 3893 2396 3918 n.
