2502 4192
258 277 363 322 212
795 269 1359 325 PHILOSOPHIAE
1398 269 1851 323 NATURALIS
1944 270 2399 336 [MoT.CORPon.

256 422 395 463 trum
419 411 698 474 foraminis,
731 420 782 462 et
809 411 863 462 G
892 412 953 462 H
977 410 1086 461 axis
1114 409 1333 480 cylindri
1357 409 1613 460 horizonti
1637 410 2093 477 perpendicularis.
2160 411 2230 462 Et
2254 410 2395 482 finge

256 503 546 573 cylindrum
571 502 753 572 glaciei
781 502 830 552 A
861 502 905 551 P
928 501 981 562 Q
1009 502 1055 552 B
1083 501 1309 569 ejusdem
1338 496 1449 551 esse
1475 500 1759 551 latitudinis
1786 520 1903 552 cum
1929 504 2144 554 cavitate
2169 503 2319 564 vasis,
2348 512 2400 554 et

258 613 409 646 axem
446 594 686 646 eumdem
722 592 932 654 habere,
987 602 1039 643 et
1074 592 1318 643 uniformi
1359 611 1476 644 cum
1514 603 1658 643 motu
1697 604 1949 661 perpetuo
1982 595 2308 658 descendere,
2348 606 2400 647 et

256 696 428 754 partes
473 686 579 754 ejus
617 701 772 753 quam
806 682 1035 750 primum
1072 683 1332 752 attingunt
1369 682 1695 750 superficiem
1735 683 1784 733 A
1825 683 1871 734 B
1909 683 2204 752 liquescere,
2257 695 2308 735 et
2344 685 2401 736 in

257 794 441 846 aquam
467 793 738 826 conversas
764 773 1015 845 gravitate
1042 773 1129 824 sua
1157 774 1385 826 defluere
1411 775 1464 825 in
1491 794 1579 826 vas
1594 795 1608 837 3
1651 786 1702 827 et
1739 787 2049 827 cataractam
2085 778 2166 829 vel
2204 778 2399 829 colum-

257 886 376 919 nam
402 884 549 936 aquae
577 866 627 917 A
655 866 701 917 B
729 866 782 916 N
812 865 855 915 F
882 865 929 917 E
958 865 1023 916 M
1051 864 1285 916 cadendo
1310 864 1550 929 formare,
1580 876 1630 917 et
1654 885 1749 934 per
1767 866 1999 918 foramen
2028 868 2074 919 E
2095 866 2137 919 F
2162 869 2395 932 transire,

257 957 495 1023 idemque
533 953 800 1023 adaequate
839 953 1071 1022 implere.
1150 954 1230 1004 Ea
1265 952 1389 1005 vero
1426 955 1490 1005 sit
1526 954 1793 1005 uniformis

265 1044 502 1096 velocitas
539 1044 722 1113 glaciei
747 1043 1106 1095 descendentis
1133 1052 1190 1094 ut
1216 1053 1268 1094 et
1292 1063 1440 1113 aquae
1467 1044 1723 1114 contiguae
1747 1044 1802 1094 in

259 1135 454 1186 circulo
481 1134 531 1184 A
560 1134 622 1196 Β,
665 1151 819 1203 quam
846 1152 976 1203 aqua
1007 1132 1240 1184 cadendo
1279 1132 1333 1202 (f)
1365 1143 1416 1185 et
1441 1151 1560 1184 casu
1588 1151 1681 1184 suo
1707 1132 1798 1184 de-

260 1223 532 1275 scribendo
549 1222 871 1273 altitudinem
893 1221 919 1272 I
943 1220 1004 1272 H
1020 1223 1283 1292 acquirere
1302 1232 1500 1291 potest3
1528 1232 1580 1274 et
1588 1224 1795 1291 jaceant

261 1315 287 1365 I
320 1314 379 1365 H
409 1324 458 1365 et
487 1314 547 1365 H
576 1313 629 1365 G
654 1314 708 1363 in
734 1312 1002 1374 directum,
1044 1317 1107 1363 et·
1118 1329 1213 1379 per
1248 1321 1500 1379 punctum
1528 1312 1555 1363 I
1581 1311 1800 1362 ducatur

264 1414 404 1455 recta
434 1403 485 1454 K
515 1403 562 1454 L
588 1402 845 1453 horizonti
869 1401 1117 1470 parallela
1142 1410 1193 1451 et
1215 1400 1460 1453 lateribus
1499 1401 1682 1471 glaciei
1712 1418 1799 1451 oc-

1863 1066 1940 1112 up·

260 1512 470 1543 currens
496 1493 550 1543 in
580 1492 632 1543 K
652 1501 703 1542 et
729 1492 795 1544 L.
875 1491 946 1542 Et
970 1490 1213 1541 velocitas
1239 1508 1387 1560 aquae
1422 1490 1673 1541 effluentis
1709 1509 1803 1559 per

260 1582 493 1632 foramen
521 1581 568 1631 E
597 1581 640 1631 F
680 1581 742 1648 (g)
771 1599 832 1631 ea
859 1580 955 1630 erit
984 1597 1138 1649 quam
1179 1597 1310 1647 aqua
1349 1579 1583 1630 cadendo
1609 1580 1674 1630 ab
1701 1579 1726 1629 I
1753 1589 1804 1630 et

262 1686 383 1717 casu
439 1686 533 1717 suo
589 1665 927 1716 describendo
974 1666 1299 1718 altitudinem
1356 1668 1383 1719 I
1425 1668 1476 1719 G
1532 1669 1798 1738 acquirere

260 1766 446 1824 potest.
511 1755 573 1824 (¹¹)
604 1755 833 1825 Ideoque
857 1774 952 1823 per
973 1756 1321 1807 Theoremata
1348 1757 1555 1809 Galilaei
1581 1758 1677 1808 erit
1703 1758 1730 1808 I
1750 1756 1804 1809 G

262 1845 329 1896 ad
356 1846 383 1897 I
412 1845 472 1896 H
499 1846 550 1894 in
579 1844 838 1912 duplicata
876 1845 1073 1897 ratione
1109 1846 1393 1897 velocitatis
1432 1865 1579 1916 aquae
1602 1865 1698 1915 per
1722 1846 1802 1897 fo-

263 1954 442 1987 ramen
469 1934 723 1986 effluentis
749 1935 814 1986 ad
841 1935 1162 1988 velocitatem
1187 1956 1335 2006 aquae
1360 1937 1414 1987 in
1440 1937 1632 1989 circulo
1660 1939 1708 1989 A
1737 1938 1800 2001 B,
1827 1937 1929 1988 hoc
1947 1945 2039 2000 est,
2067 1936 2123 1987 in
2148 1931 2406 2002 duplicata

263 2025 463 2076 ratione
490 2024 667 2074 circuli
694 2024 744 2075 A
768 2024 813 2075 B
840 2024 906 2075 ad
932 2024 1181 2076 circulum
1207 2025 1256 2076 E
1284 2025 1328 2076 F
1342 2045 1356 2087 3
1398 2025 1450 2094 (1)
1479 2044 1599 2077 nam
1624 2025 1680 2076 hi
1705 2026 1882 2077 circuli
1916 2035 2036 2076 sunt
2059 2022 2321 2092 reciproce
2347 2032 2406 2073 ut

263 2116 559 2167 velocitates
587 2133 836 2184 aquarum
863 2134 978 2184 quae
1003 2134 1098 2184 per
1134 2116 1273 2184 ipsos
1311 2116 1490 2167 eodem
1527 2126 1758 2184 tempore
1793 2126 1843 2168 et
1880 2116 2068 2185 aequali
2108 2114 2406 2184 quantitate,

266 2203 535 2273 adaequate
569 2214 853 2255 transeunt.
928 2204 1015 2256 De
1052 2204 1317 2256 velocitate
1358 2223 1505 2275 aquae
1542 2205 1864 2257 horizontem
1899 2202 2077 2256 versus
2111 2204 2197 2255 hic
2223 2205 2407 2274 agitur.

269 2295 340 2346 Et
363 2304 533 2346 motus
560 2294 815 2345 horizonti
840 2295 1132 2362 parallelus,
1173 2315 1276 2365 quo
1299 2307 1472 2364 partes
1499 2315 1646 2367 aquae
1672 2296 1900 2348 cadentis
1927 2297 1993 2347 ad
2019 2295 2239 2346 invicem
2264 2310 2409 2343 acce-

268 2386 414 2448 dunt,
444 2384 561 2435 cum
588 2403 693 2434 non
721 2384 915 2436 oriatur
939 2404 970 2435 a
994 2386 1260 2455 gravitate,
1298 2404 1394 2437 nec
1419 2395 1617 2436 motum
1651 2385 1907 2436 horIzonti
1930 2381 2410 2453 perpendicularem

269 2493 299 2524 a
323 2473 573 2543 gravitate
601 2472 878 2523 oriundum
903 2482 1082 2536 mutet,
1115 2473 1208 2524 >hic
1233 2492 1339 2524 non
1366 2473 1734 2525 conSideratur.
1814 2473 2163 2541 Supponimus
2201 2469 2410 2540 quidem

271 2563 410 2633 quod
434 2573 606 2631 partes
638 2581 785 2633 aquae
812 2562 1185 2632 aliquantulum
1210 2564 1489 2628 cohaerent,
1519 2575 1570 2616 et
1593 2583 1688 2634 per
1713 2564 2058 2616 cohaesionem
2097 2580 2241 2614 suam
2276 2560 2410 2611 inter

2046 1721 2199 1786 fida

1906 1762 1937 1800 C
2289 1760 2339 1793 Ι)

273 2738 539 2790 logarithmica
557 2739 669 2790 cujus
687 2742 921 2790 subtangens
939 2747 995 2777 est
1012 2741 1150 2785 unitas,
1185 2741 1246 2779 vel
1273 2741 1314 2779 in
1369 2741 1502 2780 eadem
1538 2754 1648 2792 aquae
1683 2741 1874 2791 quantitas
1909 2753 1977 2790 per
2007 2739 2181 2791 singulas
2212 2744 2410 2776 cataractae

274 2791 484 2842 hyperbola
502 2794 614 2844 cujus
633 2793 799 2843 dignitas
817 2804 874 2831 est
897 2798 912 2830 l
929 2809 941 2840 ;
970 2795 1131 2831 habetur
1144 2794 1237 2844 ergo
1255 2795 1313 2833 lo-
1369 2804 1557 2833 sectlones
1575 2795 1637 2832 axi
1660 2795 1680 2833 I
1706 2796 1742 2833 G
1762 2794 2108 2843 perpendiculares,
2139 2805 2208 2830 seu
2235 2805 2303 2841 per
2330 2791 2410 2828 sin-

347 2878 356 2885 .
610 2878 618 2886 .
726 2878 735 2886 .
862 2878 870 2886 .
1157 2879 1166 2887 .
1182 2848 1218 2885 Τ
1232 2848 1284 2900 4-
1300 2855 1317 2885 t
1369 2849 1483 2899 gulos
1502 2849 1664 2886 circulos
1686 2850 1723 2885 A
1747 2849 1796 2894 B,
1820 2849 1866 2885 M
1890 2848 1941 2891 N,
1965 2848 1999 2883 E
2023 2847 2056 2884 F
2074 2845 2259 2883 horizonti
2287 2844 2411 2893 paral-

277 2880 491 2928 gamhmus
501 2886 738 2928 quaeffitus’ffl
752 2878 1005 2929 logamhmus
1016 2891 1167 2917 numen
1229 2913 1266 2950 T
1372 2901 1467 2938 lelos
1502 2901 1637 2939 eodem
1673 2909 1844 2950 tempore
1880 2908 2055 2938 transeat.
2117 2900 2222 2937 Nam
2258 2898 2290 2934 si
2320 2897 2411 2934 dato

278 2975 325 3000 ex
344 2963 485 3002 tabulis
513 2971 690 3012 sumptus
716 2964 992 3013 multiplicetur
1018 2977 1086 3013 per
1112 2977 1319 3003 numerum
1372 2961 1544 3003 tempore
1571 2955 1694 3005 majffl'
1712 2955 1771 2992 vel
1791 2954 1917 2991 minor
1934 2966 2044 3003 aquae
2063 2953 2172 3001 copia
2197 2962 2264 3000 Pffl'
2289 2950 2412 2987 elren·

280 3021 316 3062 2,
335 3020 666 3056 302585092994.

334 3069 385 3118 (f)
409 3073 428 3093 ”
452 3072 503 3111 Et
518 3083 610 3109 casu
626 3085 693 3109 suo
709 3072 949 3109 describendo
963 3073 1205 3111 altitudinem
1221 3073 1250 3110 I
1260 3073 1315 3110 H.

285 3120 377 3159 Hac
407 3123 526 3173 igitur
557 3124 758 3173 hypothesi
790 3123 894 3160 idem
925 3131 1125 3171 praestatur
1151 3137 1195 3162 ac
1222 3124 1254 3161 si
1280 3124 1321 3161 in

281 3174 365 3211 loco
388 3175 422 3211 A
446 3177 479 3213 B
497 3188 594 3213 nova
606 3176 825 3225 sumrficies
844 3188 956 3225 aquae
973 3176 1158 3215 continuo
1176 3189 1321 3215 creare-

282 3235 356 3272 tur,
378 3240 466 3264 cum
487 3237 592 3266 motu
615 3230 751 3266 initiali
766 3229 919 3279 qualem
938 3229 1110 3267 cadendo
1128 3243 1173 3267 ex
1189 3231 1317 3268 altitu-

282 3279 373 3317 dine
394 3280 413 3316 Ι
435 3281 477 3317 H
497 3281 650 3331 singula
669 3282 751 3333 ejus
769 3281 984 3330 superficiei
994 3282 1180 3331 particula
1194 3282 1321 3332 acqui-

282 3345 364 3370 rere
383 3333 576 3380 potuisset,
608 3342 646 3371 et
672 3334 811 3372 deinde
838 3336 1037 3383 particulae
1063 3348 1172 3386 aquae
1190 3349 1212 3373 e
1239 3335 1324 3372 loco

287 3387 325 3423 A
349 3386 384 3423 B
406 3385 439 3421 vi
468 3387 631 3433 propriae
658 3387 853 3437 gravitatis
879 3387 1051 3426 cadendo
1077 3402 1157 3426 sese
1184 3387 1324 3426 mutuo

284 3439 516 3476 attraherent
536 3440 819 3478 horizontaliter
846 3440 895 3478 ad
922 3448 1149 3479 cataractam
1176 3441 1235 3479 vel
1264 3453 1327 3479 co-

285 3492 458 3529 lumnam
483 3493 520 3528 A
545 3492 580 3529 B
604 3492 644 3529 N
668 3493 700 3529 F
722 3494 759 3530 E
783 3493 831 3530 M
859 3493 1112 3531 formandam.

337 3560 392 3611 (g)
417 3565 436 3582 '⁴‘
460 3562 523 3599 Ea
544 3562 612 3598 eric
633 3574 751 3611 quam
770 3576 871 3613 aqua
893 3563 979 3612 (per
1000 3561 1147 3613 Hyp.).

337 3633 396 3684 (¹¹)
446 3637 467 3659 *¹
508 3634 670 3685 Ide5que
722 3648 797 3684 per
865 3637 1110 3676 Theoremata
1179 3636 1332 3675 Galiloei

286 3686 508 3725 XXVIII.
534 3687 622 3725 Lib.
650 3687 684 3725 I.

338 3747 389 3798 (ἰ)
412 3751 502 3784 271.
535 3749 647 3786 Nam
666 3747 705 3785 ln·
718 3748 867 3792 circuli,
887 3747 957 3784 &c.
1012 3748 1210 3793 Quoniam
1229 3759 1330 3797 aqua

283 3810 351 3846 per
379 3806 500 3838 totam
532 3806 760 3838 cataractam
797 3801 834 3836 A
859 3800 894 3837 B
918 3800 958 3837 N
981 3800 1014 3838 F
1035 3801 1072 3839 E
1095 3802 1156 3847 M,
1194 3801 1329 3838 eodem

284 3864 434 3901 semper
452 3860 584 3890 tenore
612 3852 730 3891 fluere
757 3852 1001 3902 supponitur,
1031 3866 1184 3892 necesse
1203 3861 1260 3892 est
1287 3860 1332 3892 ut

1373 3007 1457 3044 lum
1490 3009 1527 3045 A
1551 3008 1586 3045 B
1612 3006 1729 3056 quam
1757 3019 1824 3055 per
1854 3006 2043 3044 circulum
2071 3006 2120 3043 M
2141 3006 2181 3043 N
2208 3003 2409 3048 transiret3

1374 3073 1473 3110 aqua
1499 3060 1598 3098 inter
1616 3060 1702 3097 illos
1719 3060 1881 3097 circulos
1898 3058 1959 3097 vel
1976 3058 2245 3096 intumesceret
2263 3055 2324 3093 vel
2344 3054 2412 3092 de-

1374 3121 1569 3158 cresceret,
1598 3120 1636 3150 et
1662 3120 1859 3150 cataractae
1888 3112 2051 3162 figuram
2075 3117 2241 3147 mutaret
2261 3106 2413 3160 (contra

1378 3165 1524 3215 Hyp.).
1561 3166 1768 3212 Quantitas
1785 3178 1893 3216 aquae
1913 3177 1981 3213 per
1998 3163 2186 3201 circulum
2205 3160 2414 3212 quemlibet

1377 3219 1424 3257 M
1448 3220 1500 3263 N,
1535 3218 1624 3257 dato
1655 3226 1825 3267 tempore
1856 3216 2009 3254 fluentis
2037 3223 2213 3266 ‚aequatur
2239 3212 2414 3264 cylindro

1375 3284 1509 3321 aqueo,
1539 3272 1651 3322 cujus
1668 3272 1767 3309 basis
1785 3278 1841 3308 est
1858 3270 2024 3307 circulus
2045 3270 2090 3307 M
2114 3269 2167 3315 N,
2195 3275 2234 3305 et
2252 3265 2415 3306 altitudo

1375 3333 1433 3362 est
1464 3326 1619 3374 aequalis
1650 3323 1885 3375 longitudini
1916 3335 2031 3373 quam
2060 3321 2278 3371 superficies
2304 3331 2414 3368 aquae

1379 3378 1428 3415 M
1452 3378 1501 3420 N,
1531 3390 1620 3415 cum
1640 3377 1838 3415 velocitate
1864 3375 2048 3426 acquisita
2065 3374 2306 3412 uniformiter
2322 3383 2411 3420 pro-

1380 3430 1590 3481 grediendo
1622 3431 1756 3468 eodem
1786 3437 1957 3479 tempore
1983 3428 2073 3466 dato
2100 3426 2349 3470 describeret3
2378 3429 2417 3461 et

1380 3483 1584 3533 longitudo
1611 3483 1678 3520 illa
1704 3491 1760 3520 est
1785 3490 1831 3520 ut
1857 3494 1966 3532 aquae
1992 3494 2061 3530 per
2089 3479 2275 3517 circulum
2305 3477 2353 3515 M
2374 3476 2416 3513 N

1380 3536 1535 3575 fluentis
1561 3536 1739 3573 velocitas
1767 3538 1823 3587 (5.
1851 3536 1937 3573 Lib.
1963 3534 2020 3583 Ι.)
2051 3541 2089 3571 et
2114 3531 2202 3570 ideo
2227 3536 2419 3580 quantitas

1383 3601 1494 3640 aquae
1513 3602 1581 3638 per
1599 3589 1787 3627 circulum
1810 3589 1857 3627 M
1878 3588 1920 3625 N
1946 3586 2036 3624 dato
2062 3594 2232 3634 tempore
2251 3582 2418 3627 fluentis,

1384 3649 1441 3679 est
1472 3650 1517 3679 ut
1547 3642 1715 3679 circulus
1748 3642 1796 3679 M
1818 3642 1857 3678 N
1890 3648 1927 3678 et
1954 3639 2131 3677 velocitas
2167 3635 2413 3687 conjunctim.

1388 3694 1521 3739 Quare
1545 3694 1637 3733 cum
1655 3694 1744 3732 data
1761 3694 1810 3732 sit
1827 3692 2019 3744 quantitas
2036 3703 2144 3740 aquae
2162 3703 2229 3738 per
2246 3687 2420 3738 singulos

1382 3747 1545 3785 circulos
1562 3748 1652 3785 dato
1670 3755 1842 3795 tempore
1859 3744 2102 3790 transeuntis,
2123 3743 2289 3781 circulus
2309 3741 2356 3778 M
2378 3739 2420 3778 N

1384 3808 1440 3838 est
1457 3799 1646 3850 reciproce
1673 3808 1720 3838 ut
1746 3799 1924 3838 velocitas
1950 3809 2059 3848 aquae
2086 3809 2173 3848 quae
2200 3807 2268 3845 per
2293 3793 2420 3843 ipsum

1385 3853 1530 3891 transit.
1592 3854 1643 3897 Q.
1667 3866 1700 3891 e.
1723 3851 1761 3890 d.
