2502 4192
239 296 302 342 18

237 433 459 501 spatium
484 451 510 483 r
534 434 553 484 l
579 452 613 484 n
640 442 675 486 t.

235 521 292 571 in
317 539 552 572 ascensu·
614 523 683 584 Q.
709 542 753 574 e.
780 522 831 573 d.

291 664 350 716 (Ρ)
384 666 441 703 Et
472 667 599 705 similis
627 673 681 704 est
711 669 984 705 demonstratio.

770 289 1336 344 PHILOSOPHIAE
1379 289 1831 342 NATURALIS
1919 289 2367 354 [Mor.Com³on.

755 434 824 496 Q.
852 454 896 486 e.
918 435 968 486 d.
1047 435 1117 485 Et
1143 435 1207 502 (P)
1236 434 1413 485 similis
1441 443 1519 485 est
1543 433 1915 486 demonstratio
1940 433 2111 486 motus
2149 433 2369 502 expositi

1049 666 1281 706 Resolvatur
1333 674 1412 705 tem
1441 668 1628 717 reliquam
1657 681 1778 719 usque
1807 668 1856 707 ad
1886 669 2028 706 lineam
2068 668 2105 706 E
2129 669 2179 714 B,
2209 667 2286 705 sive
2312 673 2369 705 est

222 718 341 755 -enim
358 719 629 768 rectangulum
652 721 692 757 D
708 720 743 757 B
764 720 804 756 in
823 719 1051 770 rectangula
1076 720 1282 758 innumera
1335 734 1423 758 area
1452 722 1492 758 D
1516 723 1554 759 G
1572 734 1595 771 q
1618 721 1660 759 K
1686 722 1736 759 ad
1762 733 1889 759 aream
1921 723 1959 760 G
1979 722 2017 759 E
2036 721 2062 758 k
2080 734 2105 771 q
2131 729 2176 758 ut
2199 723 2236 758 A
2260 721 2291 758 C
2319 721 2369 757 ad

237 771 279 808 D
313 770 356 816 k,
371 771 411 807 K
427 771 453 817 l,
472 772 508 810 L
522 784 575 817 m,
598 772 644 809 M
659 785 697 818 n,
716 773 787 810 &c.
805 785 893 823 quse
906 773 983 810 sint
995 780 1040 810 ut
1053 772 1276 811 decremen-

235 831 276 860 ta
310 823 558 861 velocitatum
594 825 806 874 aequalibus
841 825 1002 863 totidem
1040 825 1276 874 temporibus

235 876 348 923 iacta,
376 883 414 914 et
432 884 556 922 erunt,
586 877 695 927 nihil,
714 879 755 916 D
773 878 814 927 k,
836 878 877 916 D
892 878 919 926 l,
943 879 984 916 D
1003 891 1056 924 m,
1081 880 1122 917 D
1142 891 1180 924 n,
1202 879 1271 917 διο.

276 1444 563 1495 Εἵεῐηιη

681 1882 755 1937 Α

237 2013 283 2044 ut
309 2005 528 2045 velocitates
554 2013 648 2045 totae
674 2006 823 2044 amissae
840 2006 882 2044 in
900 2005 1090 2055 principio
1108 2005 1282 2057 singulo-

238 2072 329 2097 rum
354 2069 573 2108 temporum
606 2060 826 2110 aequalium.
889 2058 992 2104 Quia
1009 2059 1130 2111 igitur
1155 2066 1282 2097 totum

236 2113 509 2163 rectangulum
530 2113 570 2150 D
594 2114 642 2155 B,
672 2113 829 2161 exponit
849 2114 935 2164 (per
960 2112 1074 2163 hyp.)
1104 2111 1282 2150 velocita-

236 2173 317 2202 tem
335 2166 502 2214 corporis
521 2173 559 2204 et
577 2165 829 2204 resistentiam
847 2165 964 2203 medii
983 2165 1175 2203 velocitati
1192 2177 1282 2213 pro-

238 2218 494 2267 portionalem
526 2218 637 2256 initio
667 2231 857 2265 ascensus,
891 2218 1117 2269 rectangula
1156 2218 1195 2255 A
1226 2218 1278 2263 Ε,

242 2273 281 2308 A
302 2272 341 2316 k,
367 2271 451 2317 Al,
476 2274 515 2309 A
534 2284 588 2317 m,
612 2271 651 2309 A
671 2284 710 2317 n,
740 2273 810 2309 &c.
843 2279 1037 2319 exponent
1063 2270 1280 2308 velocitates

237 2324 418 2370 residuas,
447 2325 755 2375 resistentiasque
773 2324 891 2362 medii
909 2323 1021 2361 initio
1038 2323 1282 2374 singulorum

238 2385 459 2426 temporum
488 2378 708 2429 aequalium.
771 2377 858 2415 Fiat
878 2378 916 2414 A
939 2377 985 2423 C,
1006 2375 1056 2414 ad
1078 2379 1115 2414 A
1132 2373 1188 2418 K,
1203 2375 1282 2414 sive

238 2438 407 2480 rectang.
434 2423 540 2468 A'H
561 2431 609 2469 ad
637 2438 805 2481 rectang.
833 2431 871 2468 A
890 2430 930 2475 k,
952 2437 997 2467 ut
1015 2428 1072 2467 vis
1088 2429 1282 2480 gravitatis

240 2483 289 2521 ad
309 2484 564 2522 resistentiam
582 2483 770 2533 principio
789 2482 970 2531 temporis
989 2482 1159 2528 secundi,
1189 2488 1227 2519 et
1245 2481 1282 2519 vi

240 2537 437 2587 gravitatis
469 2537 634 2575 addatur
665 2536 877 2574 resistentia
908 2535 1031 2587 (quod
1056 2534 1220 2586 gravitas
1244 2541 1283 2572 et

240 2589 451 2627 resistentia
469 2591 635 2638 corporis
647 2589 887 2627 ascendentis
901 2596 1052 2626 motum
1070 2587 1280 2636 retardent)

241 2650 280 2679 et
316 2651 429 2681 erunt
471 2645 508 2680 D
545 2643 581 2680 E
617 2644 661 2680 H
694 2643 740 2688 C,
782 2642 879 2679 Kk
915 2642 958 2679 H
990 2642 1035 2687 C,
1075 2641 1279 2685 LlHC‚

243 2696 292 2732 M
312 2709 350 2732 m
369 2697 408 2732 H
436 2697 478 2738 C,
500 2697 586 2741 &c.‚
607 2703 652 2733 ut
670 2695 768 2732 vires
786 2695 969 2733 absolutae
987 2694 1126 2744 quibus
1144 2705 1283 2742 corpus

241 2748 282 2785 in
316 2749 502 2796 principio
534 2748 778 2799 singulorum
806 2756 1026 2796 temporum
1053 2746 1280 2792 retardatur,

242 2801 357 2851 atque
385 2801 471 2839 ideo
501 2804 587 2852 (per
610 2802 709 2839 Mot.
735 2801 835 2851 Leg.
855 2806 891 2838 2.
916 2800 975 2838 v-el
1003 2812 1070 2848 per
1089 2806 1167 2836 not.
1193 2799 1280 2847 18.)

243 2861 289 2891 ut
299 2854 543 2892 decrementa
560 2855 818 2899 velocitatum,
847 2853 886 2891 id
906 2861 974 2899 est,
995 2860 1041 2891 ut
1057 2851 1281 2902 rectangula

247 2907 288 2944 D
308 2907 346 2950 k,
369 2908 406 2944 K
421 2908 446 2952 1,
464 2908 498 2944 L
513 2920 565 2953 m,
583 2909 628 2945 M
645 2920 684 2952 n,
698 2908 784 2953 &c.,
798 2914 836 2945 et
847 2905 1049 2956 propterea
1069 2907 1154 2957 (per
1168 2905 1281 2942 Lem.

246 2959 282 2996 1.
308 2960 394 2998 Lib.
416 2961 502 3010 II.)
520 2963 560 2998 in
579 2962 842 3011 progressione
853 2957 1096 3010 geometrica.
1150 2955 1283 3003 Quare

244 3013 275 3050 si
293 3021 406 3050 rectae
428 3014 469 3051 K
488 3014 527 3059 k,
551 3014 586 3052 L
602 3013 626 3057 l,
647 3014 694 3051 M
706 3025 758 3057 m,
782 3013 824 3050 N
838 3025 877 3059 n,
896 3013 975 3056 &c.,
997 3025 1061 3050 oc·

245 3073 399 3103 currant
427 3066 645 3116 hyperbolae
673 3066 715 3103 in
745 3077 783 3116 q,
811 3078 843 3111 r,
871 3078 902 3111 S,
930 3072 958 3111 t,
986 3066 1058 3103 &c.
1126 3067 1163 3109 s„

245 3127 359 3155 erunt
377 3132 475 3156 areae
492 3120 533 3157 D
554 3119 676 3170 qu,
697 3118 794 3169 qu
809 3118 857 3164 L,
881 3119 1061 3165 LrsM‚

248 3171 298 3207 M
317 3184 335 3208 s
354 3180 369 3209 t
390 3173 441 3218 N,
470 3173 539 3210 &c.
573 3171 750 3223 aequales,
782 3169 945 3221 ideoque
975 3178 1063 3209 tum

246 3226 494 3273 temporibus,
503 3233 588 3263 tum
602 3225 744 3263 viribus
756 3225 949 3276 gravitatis
961 3237 1062 3262 sem-

249 3290 319 3327 per
336 3278 548 3327 aequalibus
565 3278 750 3329 analogae.

303 3330 488 3381 Erigatur
510 3331 551 3368 in
569 3330 697 3368 medio
715 3330 831 3379 partis
852 3331 892 3369 D
913 3331 955 3369 K
975 3342 1062 3380 per-

248 3383 506 3433 pendicularis
534 3397 655 3434 usque
681 3384 730 3422 ad
759 3384 795 3422 E
819 3385 868 3430 B,
888 3384 959 3422 erit
976 3396 1064 3422 area

252 3438 294 3475 D
317 3437 397 3487 Gq
419 3436 673 3475 Kadaream
707 3437 887 3487 GEkq
913 3445 1063 3485 utpars

248 3493 332 3541 ejus
370 3489 695 3539 perpendicularis
729 3490 780 3528 ad
814 3489 1063 3539 hyperbolam

248 3543 423 3580 ordinata
440 3542 489 3580 ad
508 3542 590 3593 ejus
609 3551 756 3592 partem
782 3543 971 3594 reliquam
998 3556 1063 3581 us-

248 3609 324 3646 que
342 3596 391 3633 ad
411 3596 448 3634 E
472 3596 518 3639 B,
547 3595 615 3633 sed
648 3597 734 3647 (per
754 3596 893 3633 Theor.
914 3596 991 3634 IV.
1014 3595 1063 3634 de
1108 3599 1154 3646 Α

252 3648 514 3698 Hyperbola,)
545 3661 591 3686 ea
614 3648 789 3687 ordinata
807 3648 856 3686 ad
873 3650 1063 3698 hyperbo-

250 3701 329 3738 lam
347 3710 404 3739 est
421 3702 470 3740 ad
492 3702 530 3740 A
554 3702 590 3739 B
619 3701 697 3739 sive
714 3701 765 3739 ad
781 3708 902 3739 totam
921 3696 1287 3751 perpendicularem,

251 3761 295 3791 ut
319 3755 354 3791 A
377 3756 409 3792 C
437 3755 486 3793 ad
513 3755 596 3806 ejus
614 3754 798 3792 ordinatae
816 3754 1030 3798 abscissam,
1050 3754 1214 3806 ide6que
1232 3756 1291 3793 di-

251 3807 428 3854 videndo,
456 3816 514 3846 est
531 3821 576 3847 ea
593 3807 768 3846 ordinata
785 3807 835 3845 ad
853 3807 1177 3857 perpendicularis
1204 3821 1289 3858 par-

1331 773 1548 822 portionem
1574 774 1749 812 abscissae
1766 774 1866 813 inter
1886 778 1925 812 A
1945 781 1983 812 et
2001 774 2367 822 perpendicularem,

1329 834 1368 864 et
1385 826 1790 875 assumpta-communi
1807 826 2010 865 altitudine
2032 828 2069 864 A
2091 828 2138 870 Β,
2160 834 2204 863 ut
2221 833 2370 863 rectan-

1334 879 1475 930 gulum
1495 882 1534 919 A
1558 879 1603 917 H
1632 879 1682 917 ad
1709 879 1978 931 rectangulum
2005 881 2076 917 sub
2104 880 2143 917 A
2168 881 2202 917 Β
2223 887 2261 916 et
2278 891 2367 927 por-

1556 932 1662 970 tione
1680 932 1852 971 abscissae
1869 932 1968 971 inter
1995 935 2033 970 A
2062 940 2101 970 et
2119 931 2371 981 perpendicu-

1556 985 1689 1031 larem,
1727 985 1890 1036 ide6que
1925 998 2013 1024 area
2050 986 2092 1024 D
2126 986 2164 1023 G
2192 997 2217 1034 q
2249 984 2288 1021 K
2321 983 2371 1021 ad

1558 1050 1686 1075 aream
1721 1039 1758 1076 G
1787 1039 1823 1076 E
1843 1038 1869 1075 k
1888 1051 1914 1089 q
1938 1046 1984 1076 ut
2012 1038 2069 1075 vis
2098 1037 2291 1089 gravitatis
2323 1037 2371 1074 ad

1559 1090 1810 1129 resistentiam
1828 1091 1907 1129 sive
1921 1091 2159 1128 velocitatem
2177 1089 2368 1128 residuam

1558 1143 1600 1180 in
1619 1143 1747 1181 medio
1764 1143 1945 1192 temporis
1968 1143 2095 1193 primi,
2125 1142 2291 1194 cumque
2316 1143 2373 1179 vis

1560 1197 1754 1245 gravitatis
1782 1197 1831 1234 sit
1860 1196 2004 1247 ubique
2039 1197 2171 1234 eadem
2208 1204 2247 1234 et
2274 1208 2372 1233 areae

1563 1249 1605 1287 D
1625 1249 1662 1286 G
1681 1262 1705 1299 q
1729 1249 1783 1295 K,
1802 1261 1828 1298 q
1849 1249 1891 1287 K
1912 1249 1948 1286 L
1968 1262 1999 1294 r,
2029 1250 2174 1299 ubique
2192 1249 2370 1298 aequaleS,

1559 1314 1659 1339 areae
1681 1303 1720 1340 G
1741 1302 1825 1340 E'k
1843 1315 1879 1352 q,
1899 1302 1927 1338 k
1940 1315 1965 1351 q
1978 1314 1997 1338 r
2014 1302 2041 1347 l,
2057 1303 2126 1339 &c.
2145 1310 2259 1339 erunt
2272 1314 2372 1339 sem-

1561 1362 1630 1403 per
1648 1362 1693 1392 ut
1710 1353 1932 1392 resistentiae
1949 1354 1991 1390 in
2010 1354 2173 1405 singulis
2191 1354 2378 1402 tempori-

1561 1410 1635 1447 bus
1670 1407 1748 1446 sive
1783 1415 1829 1446 ut
1864 1406 2092 1453 velocitates,
2129 1405 2293 1456 ideoque
2328 1414 2375 1444 ut

1563 1460 1683 1510 spatia
1713 1460 1876 1511 singulis
1900 1459 2149 1508 tempusculis
2173 1460 2371 1508 descripta,

1562 1528 1607 1552 ac
1625 1527 1692 1564 per
1710 1522 1947 1563 consequens
1965 1526 2062 1550 areae
2077 1521 2166 1550 totae
2190 1513 2228 1549 G
2246 1514 2281 1549 E
2299 1525 2323 1548 n
2343 1521 2372 1558 t,

1563 1574 1676 1605 erunt
1693 1574 1738 1604 ut
1757 1567 1877 1615 spatia
1894 1573 1975 1604 toto
1992 1573 2163 1614 tempore
2185 1567 2222 1603 G
2246 1566 2285 1602 D
2306 1567 2343 1603 N
2358 1573 2374 1604 t

1563 1619 1761 1668 descripta,
1793 1619 1887 1656 dum
1913 1631 2012 1656 areae
2042 1620 2079 1656 A
2099 1619 2134 1656 B
2157 1619 2197 1656 N
2215 1631 2242 1655 n
2261 1627 2376 1656 erunt

1564 1682 1610 1712 ut
1626 1672 1843 1711 velocitates
1861 1672 1900 1709 in
1919 1671 1997 1710 fine
2008 1684 2143 1710 eorum
2155 1679 2375 1721 temporum

1564 1727 1738 1766 residuae.

1615 1784 1679 1820 51.
1714 1780 1755 1818 Si
1772 1787 1986 1831 asymptoto
2008 1781 2046 1819 A
2069 1781 2100 1818 Z
2125 1779 2310 1828 descripta
2328 1778 2375 1816 sit

1441 1847 1486 1895 c
1562 1834 1827 1886 logarithmica
1840 1834 1984 1883 quaevis
1999 1834 2035 1872 1.
2054 1835 2080 1872 S
2097 1835 2145 1880 T,
2164 1833 2214 1871 ad
2225 1845 2375 1882 asymp-

1564 1895 1691 1926 totum
1719 1900 1849 1925 versus
1870 1888 1901 1924 Z
1920 1887 2114 1933 accedens,
2144 1894 2182 1925 et
2201 1886 2376 1923 ordinata

1566 1942 1606 1978 A
1634 1941 1670 1979 L
1715 1948 1881 1989 exponat
1925 1940 2165 1978 velocitatem
2209 1938 2376 1987 corporis

1335 1996 1449 2034 initio
1467 1992 1607 2040 motfis,
1629 1993 1879 2043 abscissaeque
1900 1993 1939 2030 A
1962 1994 2019 2040 H,
2046 1995 2082 2030 A
2105 1993 2160 2038 K,
2181 1998 2376 2040 exponant

1334 2058 1531 2098 tempora;
1561 2055 1675 2085 erunt
1706 2046 1794 2098 (50)
1828 2045 2012 2084 ordinatae
2045 2046 2090 2083 H
2113 2047 2152 2091 S,
2187 2045 2230 2083 K
2253 2045 2299 2089 T,
2331 2051 2376 2082 ut

1335 2102 1552 2141 velocitates
1588 2099 1750 2138 residuae
1786 2098 1921 2148 elapsis
1962 2101 2198 2148 temporibus
2237 2099 2275 2135 A
2313 2097 2374 2144 H,

1338 2155 1377 2193 A
1401 2155 1457 2202 K,
1491 2162 1531 2192 et
1549 2153 1637 2191 ide&
1653 2151 1769 2190 ducta
1786 2165 1853 2200 per
1867 2160 2056 2200 punctum
2076 2153 2112 2190 L
2131 2151 2232 2190 recta
2262 2151 2297 2188 L
2322 2152 2373 2195 Q,

1336 2215 1554 2257 asymptoto
1576 2207 1614 2244 A
1638 2207 1667 2243 Z
1688 2204 1883 2255 parallela,
1904 2212 1942 2243 et
1959 2205 2152 2243 ordinatas
2170 2204 2375 2254 productas

1335 2261 1381 2298 H
1404 2261 1442 2307 S,
1467 2261 1509 2298 K
1531 2257 1567 2297 T
1585 2268 1736 2297 secante
1754 2259 1795 2295 in
1817 2258 1863 2304 P,
1889 2259 1940 2304 Q,
1961 2267 2074 2296 erunt
2096 2259 2130 2297 P
2149 2259 2187 2300 S,
2213 2259 2255 2303 Q
2273 2258 2308 2295 T
2326 2264 2371 2294 ut

1336 2313 1553 2351 velocitates
1570 2314 1731 2358 amissae,
1752 2310 1866 2361 atque
1885 2311 2001 2349 etiam
2015 2320 2060 2350 ut
2070 2312 2191 2360 spatia
2208 2310 2374 2358 descrip-

1336 2373 1388 2412 ta,
1420 2366 1656 2414 temporibus
1697 2367 1736 2402 A
1767 2365 1824 2410 H,
1861 2364 1900 2401 A
1932 2365 1986 2410 K,
2019 2366 2080 2402 vel
2113 2365 2149 2402 L
2174 2366 2218 2408 P,
2255 2364 2290 2401 L
2323 2365 2374 2408 Q.

1339 2418 1474 2457 Ducta
1505 2417 1693 2462 ordinat-a,
1726 2418 1752 2454 h
1770 2430 1802 2463 S,
1834 2417 1943 2455 alteri
1975 2418 2019 2455 H
2042 2419 2081 2464 S,
2109 2415 2259 2454 infinite
2285 2430 2373 2465 pro-

1335 2471 1492 2522 pinqua,
1521 2471 1688 2519 spatium
1714 2470 1912 2508 velocitate
1930 2470 2114 2508 uniformi
2138 2472 2175 2508 A
2197 2470 2246 2516 L,
2275 2479 2372 2507 tem-

1335 2525 1497 2573 pusculo
1528 2525 1555 2561 h
1577 2525 1621 2562 H
1650 2524 1883 2571 descriptum
1899 2523 1939 2560 in
1959 2536 2093 2570 vacuo,
2123 2524 2194 2561 erit
2211 2522 2260 2560 ad
2287 2536 2372 2571 spa-

1336 2577 1434 2615 tium
1454 2577 1591 2615 eodem
1610 2585 1781 2626 tempore
1807 2577 2123 2631 cumyelocitate
2144 2577 2187 2614 H
2212 2577 2251 2622 S,
2279 2589 2372 2613 con-

1336 2630 1482 2668 fectum
1498 2630 1540 2666 in
1551 2630 1680 2668 medio
1699 2629 1907 2676 resistente,
1927 2636 1973 2667 ut
1989 2631 2259 2681 rectangulum
2277 2629 2320 2665 H
2339 2630 2373 2666 P

1339 2688 1382 2728 Χ
1404 2684 1447 2720 Η
1462 2684 1498 2727 h,
1520 2683 1569 2720 ad
1586 2676 1856 2732 rectangulum
1878 2682 1905 2720 S
1921 2683 1966 2730 H
1984 2688 2026 2729 ><
2046 2684 2089 2720 Η
2107 2684 2146 2727 h,
2166 2695 2234 2720 seu
2245 2694 2373 2719 aream

1338 2736 1383 2773 H
1406 2736 1433 2774 S
1450 2749 1469 2774 s
1486 2737 1512 2773 h
1542 2737 1631 2788 (12)
1661 2743 1699 2773 et
1715 2733 1803 2773 ide&
1820 2734 1853 2772 si
1870 2741 1996 2773 totum
2015 2744 2167 2785 tempus
2198 2737 2235 2773 A
2259 2735 2301 2772 H
2330 2734 2372 2771 in

1334 2788 1541 2837 particulas
1573 2789 1793 2826 innumeras
1822 2795 1869 2826 ut
1898 2789 1990 2825 hH
2021 2788 2187 2826 divisum
2213 2788 2273 2834 sit,
2302 2788 2374 2825 erit

1336 2842 1504 2889 spatium
1531 2854 1621 2879 cum
1650 2841 1848 2879 velocitate
1870 2842 1909 2878 A
1930 2841 1976 2884 L,
2005 2841 2048 2878 in
2066 2854 2188 2879 vacuo
2206 2841 2372 2889 descrip-

1334 2901 1420 2931 tum
1455 2902 1536 2932 toto
1570 2902 1741 2942 tempore
1781 2896 1818 2931 A
1849 2894 1907 2940 H,
1945 2893 1994 2932 ad
2034 2894 2200 2943 spatium
2236 2893 2372 2931 eodem

1336 2954 1508 2997 tempore
1534 2959 1761 2997 percursum
1779 2947 1820 2985 in
1839 2946 1968 2986 medio
1993 2948 2191 2986 resistente
2218 2954 2260 2985 ut
2289 2958 2373 2984 rec-

1401 3070 1534 3113 101?

1395 3601 1445 3653 h
1476 3601 1533 3646 H
1784 3604 1843 3650 12
2253 3603 2297 3654 Z

1343 3705 1550 3752 tangulum
1566 3703 1599 3739 A
1614 3701 1703 3739 Pad
1716 3714 1840 3739 aream
1853 3700 2158 3753 logarithmicam
2176 3700 2210 3737 A
2222 3699 2256 3736 L
2269 3700 2296 3736 S
2307 3699 2349 3736 H
2361 3714 2373 3745 ;

1344 3755 1410 3792 sed
1439 3768 1525 3792 area
1551 3755 1584 3792 A
1602 3755 1636 3792 L
1659 3756 1685 3792 S
1708 3755 1763 3800 H,
1797 3756 1953 3805 aequalis
1970 3761 2027 3791 est
2043 3752 2267 3803 rectangulo
2286 3754 2378 3789 sub-

1318 3843 1322 3847 .
1344 3807 1536 3859 tangentis
1554 3807 1829 3857 logarithmicae
1849 3808 1889 3844 in
1929 3807 1964 3845 P
1984 3808 2023 3853 S,
2059 3805 2147 3857 (39)
2177 3814 2214 3843 et
2232 3803 2318 3843 ideo
2344 3803 2392 3851 si¹
