2502 4192
210 293 311 338 144
708 284 1273 339 PHILOSOPHIAE
1315 281 1767 335 NATURALIS
1875 280 2336 345 [MoT.C0R1›on.

517 563 986 616 PROPOSITIO
1028 563 1253 615 XXIII.
1330 559 1781 614 THEOREMA
1821 558 2036 612 XVIII.

207 726 435 797 Sifluidi
459 744 519 776 ea‘
535 727 809 791 particulis
832 743 882 775 se
906 732 1071 775 mutuo
1088 724 1408 792 fugientibus
1427 723 1680 788 compositi
1705 722 1922 772 densitas
1946 722 2012 772 sit
2035 727 2089 769 ut
2113 736 2350 785 compres-

277 817 368 879 sio,
397 818 525 867 vires
549 816 842 884 centrifagae
856 817 1227 882 particularum
1252 822 1367 865 sunt
1390 810 1637 880 reciproce
1664 812 2068 878 proportionales
2092 809 2351 860 distantiis

277 914 552 956 centrornm
593 922 804 956 suorum.
879 904 954 954 Et
979 905 1082 954 vice
1106 922 1264 964 versa,
1298 904 1570 969 particulae
1604 902 1790 951 viribus
1826 917 1935 967 quae
1969 906 2081 950 sunt
2104 894 2352 964 reciproce

268 995 680 1060 proportionales
706 994 966 1044 distantiis
992 999 1267 1042 centrorum
1294 1009 1488 1042 suorum
1514 1008 1564 1041 se
1587 998 1751 1040 mutuo
1774 988 1883 1056 fug
1855 990 2038 1038 aientes
2061 992 2352 1053 componunt

270 1084 495 1153 fluidum
522 1084 788 1146 elasticum,
817 1082 951 1150 cujus
977 1084 1197 1133 densitas
1222 1089 1292 1132 est
1317 1081 1662 1146 compressioni
1677 1078 2094 1145 proportionalis.

273 1238 481 1291 Includi
505 1239 822 1311 intelligatur
846 1239 1065 1290 fluidum
1088 1239 1146 1290 in
1172 1238 1338 1308 spatio
1365 1238 1548 1290 cubico
1575 1238 1625 1289 A
1650 1237 1695 1288 C
1723 1237 1786 1298 E,
1827 1236 1948 1287 dein
1974 1235 2352 1303 compressione
2434 1311 2437 1313 α

208 1329 375 1400 redigi
399 1330 454 1380 in
480 1330 704 1399 spatium
730 1330 969 1381 cubicum
1006 1330 1178 1380 minus
1216 1347 1247 1379 a
1271 1347 1299 1379 c
1326 1347 1384 1389 e3
1426 1337 1478 1379 et
1512 1326 1897 1395 particularum,
1945 1323 2163 1376 similem
2199 1323 2353 1375 situm

207 1419 343 1471 inter
367 1439 421 1472 se
439 1421 495 1471 in
520 1430 741 1491 utroque
768 1421 934 1489 spatio
960 1419 1319 1482 obtinentium,
1362 1418 1424 1487 (b)
1453 1417 1708 1468 distantiae
1734 1426 1883 1467 erunt
1909 1425 1966 1466 ut
1991 1414 2245 1467 cuborum
2279 1413 2354 1464 la-

206 1519 319 1560 tera
346 1510 398 1561 A
426 1510 490 1573 B,
530 1530 560 1561 a
585 1511 649 1572 b3
691 1511 750 1579 (⁰)
780 1521 831 1562 et
854 1511 1146 1562 mediorum
1171 1510 1448 1562 densitates
1475 1507 1737 1577 reciproce
1764 1518 1821 1559 ut
1848 1508 2013 1576 spatia
2039 1504 2352 1558 continentia

207 1600 259 1650 A
287 1598 333 1650 Β
360 1600 476 1651 cub.
504 1608 555 1651 et
591 1619 622 1651 a
645 1600 681 1651 b
708 1600 824 1651 cub.
899 1600 964 1651 In
1004 1600 1122 1650 cubi
1162 1599 1368 1669 majoris
1406 1598 1564 1649 latere
1601 1597 1757 1666 plano
1796 1598 1846 1648 A
1875 1597 1921 1647 B
1951 1597 1995 1648 C
2022 1597 2077 1648 D
2119 1595 2350 1663 capiatur

208 1690 520 1759 quadratum
563 1692 618 1744 D
660 1692 705 1743 P
755 1691 953 1760 aequale
992 1690 1067 1741 la-

207 1779 307 1830 teri
343 1779 501 1847 plano
539 1780 657 1831 cubi
695 1781 909 1831 minoris
947 1780 983 1831 d
1006 1780 1070 1841 b3

209 1876 262 1920 et
287 1887 355 1919 ex
379 1868 672 1939 hypothesi,
709 1870 926 1938 pressio,
968 1869 1070 1939 qua

212 1958 523 2026 quadratum
542 1959 598 2010 D
624 1959 669 2010 P
684 1969 837 2030 urget
850 1958 1067 2010 fluidum

2220 1806 2222 1815 .
2281 1776 2321 1813 Ε

207 2046 484 2111 inclusum,
516 2049 614 2100 erit
638 2049 705 2100 ad
728 2049 1069 2118 pressionem,

214 2136 316 2206 qua
355 2138 486 2189 illud
523 2139 832 2208 quadratum
863 2139 898 2189 d
922 2140 958 2190 b
983 2157 1072 2189 ur-

213 2236 304 2296 get
327 2227 544 2278 fluidum
570 2227 843 2289 inclusum,
881 2237 940 2278 ut
963 2246 1071 2278 me-

215 2316 288 2367 dii
313 2316 591 2369 densitates
617 2318 684 2369 ad
710 2319 946 2381 invicem,
970 2317 1071 2369 hoc

212 2415 305 2467 est,
348 2415 406 2457 ut
431 2425 462 2457 a
484 2407 520 2458 b
547 2407 663 2459 cub.
691 2407 758 2458 ad
785 2408 835 2458 A
865 2407 910 2458 Β
946 2407 1062 2458 cub.

215 2495 319 2548 Sed
343 2497 557 2564 pressio,
588 2497 688 2567 qua
715 2498 1029 2567 quadratum
1051 2498 1106 2549 D
1136 2497 1181 2549 Β
1208 2506 1358 2568 urget
1382 2495 1601 2547 fluidum
1626 2495 1897 2558 inclusum,
1939 2505 2017 2548 est
2042 2495 2108 2547 ad
2133 2494 2355 2564 pressio-

211 2602 347 2647 nem,
376 2584 475 2655 qua
504 2586 812 2655 quadratum
839 2587 893 2639 D
924 2587 968 2639 P
994 2596 1143 2657 urget
1167 2586 1307 2637 idem
1328 2585 1564 2647 ⁴fluidum,
1593 2593 1651 2635 ut
1670 2584 1977 2653 quadratum
1997 2584 2052 2636 D
2076 2584 2122 2636 B
2148 2583 2214 2635 ad
2231 2603 2357 2653 qua-

212 2673 420 2726 dratum
447 2677 501 2728 D
532 2677 591 2740 P,
619 2677 719 2728 hoc
746 2688 837 2740 est,
866 2688 923 2729 ut
950 2679 1000 2729 A
1031 2678 1076 2729 B
1103 2675 1257 2747 quad.
1279 2677 1345 2728 ad
1365 2695 1396 2727 a
1419 2676 1454 2727 b
1480 2675 1634 2745 quad.
1713 2676 1872 2746 Ergo,
1914 2695 1979 2727 ex
1997 2691 2171 2746 nequo,
2210 2693 2356 2743 pres-

214 2764 290 2815 sio
317 2763 418 2833 qua
446 2765 755 2834 quadratum
781 2766 836 2817 D
867 2766 912 2817 Β
938 2776 1090 2836 urget
1112 2765 1347 2828 fluidum,
1377 2774 1455 2817 est
1480 2763 1546 2816 ad
1570 2764 1890 2833 pressionem
1917 2764 2016 2835 qua
2044 2764 2356 2835 quadratum

214 2854 249 2905 d
274 2856 309 2906 b
334 2867 486 2927 urget
509 2857 744 2920 fluidum,
772 2867 830 2908 ut
856 2877 887 2909 a
911 2859 946 2909 b
973 2858 1040 2909 ad
1066 2858 1116 2908 A
1148 2858 1210 2909 Β.
1289 2855 1463 2908 Planis
1492 2855 1536 2907 F
1557 2855 1611 2908 G
1639 2856 1716 2919 H,
1757 2855 1786 2906 f
1799 2875 1836 2927 g
1863 2855 1915 2919 h,
1954 2874 2049 2925 per
2073 2854 2243 2907 media
2269 2848 2357 2906 cu-

212 2944 400 2995 borum
426 2945 610 3009 ductiS,
641 2947 986 3018 distinguatur
1009 2947 1227 2998 fluidum
1252 2939 1307 2997 in
1332 2946 1459 2997 duas
1483 2955 1673 3015 parteS,
1704 2945 1767 3015 (d)
1786 2956 1838 2997 et
1856 2946 1938 2996 hae
1958 2964 2012 2997 se
2035 2956 2219 2997 mutuo
2238 2964 2356 3015 pre-

214 3043 358 3085 ment
383 3034 564 3086 iisdem
590 3035 799 3098 viribus,
829 3036 1015 3105 quibus
1040 3045 1348 3104 premuntur
1373 3054 1403 3086 a
1427 3034 1593 3104 planis
1619 3035 1670 3086 A
1692 3035 1754 3097 C,
1783 3054 1814 3086 a
1839 3054 1883 3098 c,
1911 3035 2012 3086 hoc
2038 3045 2130 3098 est,
2154 3034 2207 3085 in
2232 3053 2355 3103 pro-

214 3122 453 3190 portione
493 3143 524 3174 a
559 3124 595 3175 b
621 3124 689 3176 ad
717 3125 767 3176 A
796 3124 871 3176 B:
911 3124 1134 3195 ideoque
1176 3143 1309 3177 vlres
1353 3124 1672 3196 centrifugae,
1725 3125 1910 3194 quibus
1947 3125 2032 3177 hae
2067 3125 2356 3194 pressiones

217 3212 550 3277 sustinentur,
581 3226 701 3267 sunt
718 3217 780 3266 in
806 3215 989 3267 eadem
1013 3216 1229 3268 ratione.
1307 3216 1394 3268 Ob
1420 3216 1642 3268 eundem
1677 3216 2046 3284 particularum
2083 3235 2356 3269 numerum

215 3302 533 3373 similemque
560 3306 713 3358 situm
739 3307 794 3358 in
820 3316 1045 3377 utroque
1071 3307 1221 3370 cubo,
1249 3308 1383 3360 vires
1410 3326 1536 3378 quas
1561 3308 1827 3376 particulae
1853 3327 2031 3361 omnes
2072 3309 2355 3361 secundum

192 3380 372 3460 vplana
399 3392 443 3443 F
471 3392 525 3446 G
546 3393 623 3457 H,
650 3394 730 3466 fg
754 3394 791 3446 h
817 3406 1062 3448 exercent
1084 3396 1139 3447 in
1165 3414 1361 3459 omnes,
1405 3406 1525 3448 sunt
1549 3406 1606 3448 ut
1630 3396 1764 3448 vires
1791 3415 1917 3466 quas
1956 3397 2172 3469 singulae
2210 3415 2357 3449 exer-

270 3549 328 3602 (b)
350 3552 371 3575 ¹*
393 3551 603 3590 Distantiae
622 3560 738 3591 erunt
756 3561 801 3593 ut
820 3556 1009 3595 cuborum
1026 3557 1145 3594 latera
1158 3556 1197 3593 A
1212 3557 1265 3602 B,
1320 3555 1391 3593 διο.
1452 3553 1675 3592 Pressiones
1693 3554 1795 3592 enim
1815 3554 1857 3592 in
1875 3567 2110 3607 unoquoque
2128 3554 2249 3605 spatio
2267 3564 2359 3592 sunt

216 3615 241 3639 α
260 3604 294 3647 b,
314 3614 383 3653 per
402 3603 568 3642 Lemma
585 3605 635 3643 V.
659 3604 748 3644 Lib.
775 3606 810 3644 1.
1319 3608 1464 3658 ubique
1493 3608 1681 3658 aequales;
1724 3621 1816 3646 nam
1847 3608 1937 3647 cum
1972 3608 2138 3646 fluidum
2163 3608 2360 3646 uniforme

275 3679 311 3730 (c
316 3676 377 3729 >ff
384 3682 440 3721 Et
459 3682 669 3721 mediorum
688 3684 902 3730 densitates
918 3691 975 3731 ut
991 3684 1023 3722 81
1027 3697 1059 3722 c
1077 3686 1127 3723 ob
1138 3683 1266 3723 datam
1319 3668 1570 3709 supponatur,
1605 3661 1635 3697 si
1666 3661 1809 3710 pressio
1837 3661 1964 3700 minor
1992 3669 2089 3700 esset
2105 3661 2147 3698 in
2166 3673 2246 3698 uno
2271 3661 2357 3699 loco

220 3729 262 3768 in
279 3740 443 3784 utroque
464 3735 586 3784 spatio
607 3728 717 3773 flffidi
735 3747 899 3773 massam
919 3739 975 3790 (2
1000 3735 1089 3776 Lib
1112 3738 1146 3776 Ι
1155 3737 1185 3787 )
1321 3713 1439 3763 quam
1458 3714 1497 3751 in
1517 3713 1604 3760 alio,
1625 3714 1751 3752 statim
1771 3714 1921 3753 cederet
1938 3710 2103 3752 fluidum
2120 3714 2245 3764 magis
2254 3726 2359 3763 pres·

1322 3779 1420 3811 sum,
1441 3774 1556 3817 atque
1573 3767 1627 3805 ita
1644 3767 1789 3816 pressio
1807 3767 1858 3806 ad
1874 3766 2131 3823 aequalitatem
2143 3767 2358 3807 restituere-
2497 3803 2502 3806 ,

277 3811 333 3862 (⁴¹)
355 3816 376 3839 ὓ
400 3816 456 3854 Et
474 3817 534 3854 kae
551 3829 588 3855 se
606 3823 739 3856 ntutuo
753 3813 932 3866 prement
950 3819 1081 3857 iisdem
1108 3819 1265 3863 viribus,
1319 3825 1396 3866 tur,
1416 3827 1461 3858 ut
1478 3820 1519 3857 in
1541 3820 1645 3859 Casu
1659 3824 1695 3859 6.
1723 3820 1838 3870 Prop.
1859 3819 1987 3859 XIX.
