2502 4192
245 279 267 323 1
281 275 346 327 76
781 271 1347 325 PHILOSOPHIAE
1387 269 1838 325 NATURALIS

1937 273 2114 338 [Mo'r.
2134 273 2385 325 Conpon.

240 410 619 483 longitudinem
644 411 887 481 penduli3
932 412 976 464 si
999 430 1097 480 pro
1124 412 1191 475 A,
1233 412 1280 464 B
1318 423 1370 463 et
1410 411 1456 463 C
1492 411 1784 463 scribantur
1819 414 2021 465 numeri
2045 414 2254 477 inventi,
2295 412 2387 465 fiet

239 532 526 584 resistentia
560 531 701 603 globi
728 532 796 583 ad
821 533 929 601 ejus
953 531 1176 600 ponduS,
1215 540 1274 583 ut
1299 540 1348 595 O,
1378 538 1625 584 0000583
1655 532 1706 584 V
1739 539 1793 594 -Ι-
1827 541 1877 595 0,
1906 539 2150 589 0007593
2180 533 2230 583 V
2253 502 2285 565 ᾖ
2321 542 2374 594 -ι-

240 632 291 685 0,
314 630 563 675 0022169
590 623 642 674 V
664 622 686 651 2
710 622 777 674 ad
802 622 1180 694 longitudinem
1203 622 1420 691 penduli
1444 623 1578 675 inter
1605 633 1837 677 centrum
1862 623 2208 693 suspensionis
2236 632 2287 674 et
2302 642 2382 674 re-

237 714 431 784 gulam,
471 713 525 763 id
550 722 642 776 est,
682 711 750 764 ad
777 720 872 766 121
906 713 1112 785 digitos·
1188 713 1347 767 Unde
1373 713 1491 766 cum
1516 715 1567 766 V
1591 715 1646 765 in
1672 734 1793 767 casu
1818 715 2045 767 secundo
2069 716 2304 787 designet
2332 721 2380 778 1,

239 805 295 856 in
320 815 503 875 quarto
528 812 579 867 4,
607 805 661 855 in
681 814 826 856 sexto
857 812 920 858 16
939 825 950 857 :
991 805 1088 857 erit
1112 804 1403 858 resistentia
1427 806 1494 857 ad
1517 806 1723 875 pondus
1759 805 1904 876 globi
1928 806 1982 870 in
2008 823 2129 858 casu
2155 806 2383 858 secundo

241 906 298 947 ut
323 905 373 958 O,
402 903 648 949 0030345
677 896 744 948 ad
772 902 893 960 121,
920 896 975 948 in
991 906 1175 967 quarto
1195 906 1253 948 ut
1278 906 1328 961 O,
1353 902 1563 953 041748
1591 897 1658 949 ad
1679 902 1796 960 121,
1823 896 1879 948 in
1899 905 2048 949 sexto
2063 907 2121 949 ut
2136 905 2185 960 0,
2205 902 2380 952 61705

238 984 302 1035 ad
330 990 447 1036 121.

309 1072 478 1124 Arcus
521 1089 674 1141 quem
715 1081 969 1140 punctum
1005 1072 1061 1123 in
1103 1072 1195 1123 filo
1237 1080 1473 1123 notatum
1512 1073 1567 1123 in
1600 1090 1723 1124 casu
1760 1082 1909 1126 sexto
1947 1074 2234 1144 descripsit,
2274 1084 2385 1127 erat

242 1201 442 1247 120-
479 1170 527 1241 ,8.

467 1252 531 1314 9}

238 1338 536 1409 digitorum,
580 1347 632 1390 et
666 1337 937 1407 longitudo
974 1336 1190 1406 penduli
1225 1338 1359 1390 inter
1395 1347 1647 1408 punctum
1672 1338 2022 1407 suspensionis
2062 1348 2115 1390 et
2150 1348 2384 1391 centrum

236 1426 381 1497 globi
405 1435 540 1477 esset
570 1432 668 1478 126
696 1425 994 1497 digitorum,
1040 1444 1189 1478 arcus
1228 1444 1384 1497 quem
1421 1436 1657 1478 centrum
1692 1426 1836 1497 globi
1875 1426 2147 1495 descripsit
2184 1428 2248 1497 (¹¹)
2276 1438 2386 1480 erat

242 1518 412 1585 1243'01T
437 1515 734 1587 digitorum.
812 1516 1076 1578 Quoniam
1102 1517 1333 1586 corporis
1360 1516 1637 1568 oscillantis
1663 1517 1907 1569 velocitas
1932 1518 2174 1582 maxima,
2211 1518 2279 1570 ob
2303 1537 2383 1570 re·-

239 1606 523 1658 sistentiam
560 1607 708 1670 a’e’ris,
748 1624 856 1658 non
892 1607 1074 1659 incidit
1098 1608 1152 1659 in
1175 1617 1428 1677 punctum
1452 1608 1688 1660 infimum
1713 1628 1861 1661 arcus
1899 1609 2159 1678 descripti,
2202 1610 2266 1679 (⁰)
2294 1609 2385 1661 sed

238 1698 293 1748 in
317 1697 492 1750 medio
517 1697 623 1749 fere
649 1698 765 1750 loco
803 1716 952 1750 arcus
990 1699 1146 1751 totius
1188 1709 1451 1751 versatur:
1502 1699 1617 1751 haec
1654 1700 1835 1752 eadem
1871 1699 1968 1751 erit
2003 1699 2207 1751 circiter
2243 1717 2304 1750 ac
2343 1699 2386 1751 si

238 1788 425 1859 globus
464 1787 713 1839 descensu
750 1805 845 1839 suo
881 1797 992 1840 toto
1030 1787 1085 1839 in
1120 1787 1293 1840 medio
1334 1806 1441 1840 non
1484 1788 1752 1840 resistente
1795 1788 1860 1857 (P)
1888 1788 2203 1840 describeret
2230 1806 2379 1841 arcus

238 1877 374 1929 illius
401 1887 603 1946 partem
627 1877 896 1929 dimidiam
920 1878 1201 1949 digitorum
1224 1879 1377 1946 62333,
1416 1878 1574 1950 idque
1610 1879 1665 1930 in
1704 1879 1951 1950 cycloide,
1989 1880 2056 1932 ad
2092 1898 2248 1949 quam
2271 1898 2384 1931 mo-

238 1977 351 2018 tum
374 1965 589 2034 penduli
614 1983 772 2035 supra
808 1965 1139 2019 reduximus:
1180 1976 1230 2018 et
1252 1975 1528 2037 propterea
1562 1968 1806 2020 velocitas
1830 1967 1919 2020 illa
1943 1968 2152 2039 aequalis
2177 1968 2276 2020 erit
2299 1987 2384 2020 ve-

559 1213 650 1246 seu
692 1195 858 1260 1192535
896 1194 1194 1266 digitorum.
1272 1193 1343 1245 Et
1389 1203 1667 1263 propterea
1716 1194 1836 1247 cum
1886 1196 2061 1248 radius
2105 1205 2239 1249 esset
2281 1204 2376 1248 121

241 2108 372 2147 medio
398 2108 509 2147 arcus
527 2109 706 2158 descripti
727 2118 784 2147 est
801 2109 852 2148 ad
870 2109 1039 2159 corporis
1066 2109 1219 2159 pondus
1244 2117 1289 2149 ut
1344 2110 1417 2161 1.).
1479 2110 1594 2162 Ergd
1612 2111 1791 2150 velocitas
1809 2111 1850 2149 in
1869 2111 1998 2149 medio
2025 2110 2220 2149 resistente
2239 2123 2307 2159 per
2325 2123 2384 2148 ar-

238 2161 267 2213 }
290 2163 323 2201 C
346 2162 384 2199 V
402 2164 421 2185 2
441 2162 490 2199 ad
516 2162 804 2213 longitudinem
836 2162 1010 2211 penduli,
1044 2173 1083 2200 et
1112 2164 1228 2214 (181)
1257 2164 1289 2201 si
1342 2176 1434 2201 cum
1455 2165 1492 2202 B
1517 2165 1554 2203 O
1583 2165 1767 2215 acquisita
1792 2165 1832 2202 in
1864 2165 1901 2203 Ο
1929 2164 2087 2215 aequalis
2114 2173 2171 2202 est
2196 2163 2386 2201 velocitati

240 2215 454 2254 resistentia
472 2215 521 2253 sit
544 2215 586 2252 in
604 2214 750 2253 ratione
770 2214 1039 2266 sesquiplicata
1066 2216 1284 2263 velocitatis,
1341 2230 1459 2267 quam
1489 2230 1628 2266 corpus
1654 2218 1695 2255 in
1722 2218 1851 2255 medio
1878 2231 1957 2256 non
1983 2219 2181 2256 resistente
2213 2217 2387 2255 cadendo

1341 2282 1410 2319 per
1427 2283 1561 2308 arcum
1583 2271 1624 2308 D
1648 2272 1680 2309 C
1695 2287 1751 2308 =
1770 2272 1806 2310 B
1830 2272 1867 2310 O
1887 2273 2043 2309 haberet
2061 2271 2101 2308 in
2126 2272 2181 2318 C;
2211 2277 2250 2308 et
2267 2283 2382 2319 pmp·

1341 2322 1445 2360 terea
1465 2326 1549 2375 (85.
1581 2324 1664 2362 Lib.
1692 2324 1751 2373 I.)
1781 2324 1959 2362 velocitas
1976 2324 2044 2362 illa
2063 2324 2219 2373 aequalis
2238 2331 2295 2361 est
2321 2336 2387 2360 ve-

1341 2375 1488 2414 locitati
1509 2389 1626 2426 quam
1654 2390 1793 2426 corpus
1820 2376 2185 2426 perpendiculariter
2212 2375 2386 2414 cadendo

1341 2428 1383 2465 in
1402 2429 1533 2466 medio
1552 2442 1631 2467 non
1650 2431 1858 2476 resistente,
1880 2438 1918 2468 et
1937 2443 2027 2467 casu
2047 2442 2119 2467 suo
2137 2428 2386 2466 describendo

1341 2481 1587 2519 altitudinem
1609 2482 1643 2521 F
1661 2484 1693 2523 C
1713 2483 1901 2533 aequalem
1919 2483 2024 2521 sinui
2034 2495 2141 2519 verso
2155 2480 2264 2519 arcus
2282 2482 2314 2519 C
2331 2481 2392 2528 H,

1341 2534 1536 2587 acquirere
1553 2544 1693 2587 posset.
1755 2536 1814 2576 Sit
1835 2537 1919 2589 jam
1947 2536 1984 2577 P
2009 2544 2201 2587 punctum
2228 2546 2388 2585 suspen-

241 2308 298 2339 est
317 2300 385 2339 illa
402 2300 451 2338 ad
464 2300 630 2350 corporis
648 2299 801 2350 pondus
820 2308 864 2340 ut
882 2272 937 2372 -l-Zo
958 2301 993 2338 B
1017 2301 1056 2339 V
1075 2270 1107 2335 ᾖ
1126 2300 1175 2339 ad
1202 2300 1286 2339 lon-

243 2386 460 2439 gitudinem
479 2386 651 2436 penduli.
714 2385 845 2431 Quare
860 2399 951 2425 cum
969 2386 1032 2425 hic
1051 2394 1290 2438 supponatur

241 2440 456 2478 resistentia
482 2440 621 2490 partim
652 2439 695 2477 in
723 2440 872 2478 ratione
897 2440 1119 2486 velocitatis,
1147 2440 1288 2489 partim

242 2493 285 2531 in
304 2493 512 2531 velocitatis
539 2493 687 2531 ratione
714 2493 982 2542 sesquiplicata
1011 2501 1050 2531 et
1079 2494 1219 2542 partim
1245 2493 1289 2530 in

244 2546 454 2594 duplicata,
484 2546 696 2585 resistentia
713 2546 819 2597 globi
836 2548 880 2584 in
897 2546 1027 2585 medio
1045 2546 1156 2584 arcus
1174 2547 1288 2584 oscil-

243 2599 360 2637 lando
378 2600 568 2648 descripti,
588 2600 656 2639 ubi
674 2599 852 2639 velocitas
871 2607 927 2639 est
943 2600 991 2646 V,
1011 2600 1084 2638 erit
1102 2599 1152 2638 ad
1168 2599 1288 2648 ipsius

243 2685 397 2735 pondus
414 2692 460 2724 ut
478 2657 529 2757 ᾗ
554 2685 592 2723 A
613 2685 719 2738 v÷
739 2656 790 2757 1⁷—o
810 2686 846 2724 Β
870 2653 1061 2739 vii-p}
1086 2685 1119 2724 c
1140 2685 1289 2732 V2‚ad

245 2770 534 2822 longitudinem
552 2770 726 2821 penduli.

300 2838 358 2890 (¹¹)
381 2841 402 2863 ⁴*
425 2841 525 2877 Erat
548 2827 691 2890 124335
708 2840 814 2889 digit.
876 2842 976 2879 Sunt
995 2839 1098 2879 enim
1122 2839 1218 2877 radii
1245 2846 1290 2877 ut

245 2891 388 2929 similes
406 2892 639 2930 circulorum
658 2905 780 2939 arcuS‚
800 2901 839 2932 et
857 2892 945 2933 ide&
964 2894 1094 2932 radius
1117 2897 1203 2939 121,
1233 2901 1291 2930 est

246 2958 296 2995 ad
314 2970 430 2996 suum
448 2971 581 2997 arcum
606 2945 747 3011 11955-9·
766 2967 811 2998 ut
829 2960 958 2999 radius
983 2965 1068 3007 126,
1089 2960 1140 2998 ad
1157 2971 1291 2997 arcum

251 3023 610 3071 correspondentem
634 3027 706 3060 124
727 3014 793 3078 35—1·
811 3023 1112 3074 quamproxime.

305 3074 360 3123 (⁰)
380 3078 399 3099 *⁸
419 3078 541 3126 Sed—in
556 3079 676 3115 medio
677 3078 768 3128 ser&
779 3082 867 3116 loco.
896 3078 1007 3116 Patet
1022 3090 1089 3126 per
1105 3083 1182 3114 not.
1203 3081 1288 3114 180.

305 3128 362 3178 (Ρ)
385 3130 405 3152 '¹‘
427 3131 664 3168 Describeret
677 3130 790 3169 arcas
804 3133 905 3170 illius
915 3139 1067 3181 partem
1081 3132 1290 3168 dimidiam.

255 3179 405 3228 Corpus
423 3182 633 3220 oscillando
650 3183 837 3222 describat
855 3196 987 3222 arcum
1010 3185 1045 3222 B
1066 3197 1089 3221 a
1107 3183 1145 3220 in
1165 3182 1295 3220 medio

251 3233 448 3271 resistente
461 3243 499 3272 et
513 3248 645 3273 arcum
668 3237 704 3273 B
726 3238 761 3274 A
783 3237 826 3274 in
840 3237 967 3275 medio
980 3249 1058 3274 non
1072 3236 1268 3274 resistente
1280 3249 1292 3282 ς

252 3286 302 3324 sit
324 3287 355 3324 C
375 3295 565 3334 punctum
584 3288 767 3337 cycloidis
784 3289 990 3337 infimum;
1024 3290 1075 3335 O,
1104 3295 1292 3338 punctum

251 3339 425 3376 medium
447 3340 557 3377 arcus
579 3342 614 3378 B
630 3355 663 3385 a,
694 3350 732 3380 et
750 3356 860 3380 arcus
883 3344 915 3382 C
933 3344 972 3380 D
993 3342 1042 3380 sit
1060 3340 1217 3392 aequalis
1234 3354 1294 3379 ar-

1348 3289 1476 3335 sionis,
1518 3287 1554 3326 P
1575 3287 1608 3326 C
1643 3284 1849 3337 longitudo
1884 3284 2045 3334 penduli
2086 3285 2113 3323 S
2141 3285 2183 3323 D
2215 3284 2248 3324 C
2276 3284 2391 3323 semi-

1348 3343 1501 3392 cyclois,
1542 3341 1569 3378 S
1600 3339 1639 3379 G
1675 3347 1714 3376 et
1753 3339 1794 3376 D
1830 3338 1863 3376 F
1900 3339 1949 3376 ad
1988 3339 2024 3377 P
2056 3339 2089 3377 C
2122 3337 2324 3384 normales,
2352 3344 2393 3375 et

251 3391 317 3430 cui
340 3393 375 3431 B
394 3392 446 3438 O,
466 3393 643 3431 velocitas
660 3395 830 3434 maxima
847 3396 1033 3434 descensu
1049 3395 1214 3443 corporis
1228 3406 1295 3443 per

252 3457 386 3484 arcum
408 3446 444 3483 B
468 3446 505 3484 O
525 3447 710 3496 acquisita
726 3448 766 3485 in
785 3449 914 3487 medio
941 3449 1137 3487 resistente
1164 3455 1221 3484 est
1246 3446 1296 3484 ad

253 3498 494 3537 velocitatem
507 3499 716 3537 maximam
727 3514 795 3549 per
807 3514 938 3539 arcum
964 3502 999 3539 B
1020 3503 1051 3540 C
1071 3500 1296 3551 acquisitam

253 3551 295 3588 in
311 3552 439 3590 medio
458 3552 654 3590 resistente
672 3560 719 3591 ut
735 3567 846 3592 arcus
867 3555 901 3592 B
920 3555 970 3600 Ο,
993 3554 1042 3592 ad
1056 3566 1188 3592 arcum
1211 3553 1247 3591 Β
1263 3553 1295 3590 C

256 3605 386 3655 (180).
449 3605 525 3644 Sed
552 3605 584 3643 si
611 3618 750 3655 corpus
767 3607 892 3645 eloco
926 3607 1037 3645 D.in
1063 3606 1193 3644 medio
1219 3618 1298 3643 non

254 3658 453 3697 resistente
485 3658 659 3696 cadendo
687 3658 874 3697 describat
905 3673 1037 3698 arcum
1073 3661 1114 3698 D
1144 3659 1190 3705 C,
1228 3658 1299 3696 erit

257 3711 374 3749 etiam
402 3712 581 3750 velocitas
599 3711 718 3761 ipsius
735 3712 774 3749 in
807 3713 839 3751 C
868 3712 1054 3751 descensu
1072 3725 1141 3762 per
1166 3723 1299 3750 arcum

260 3763 302 3800 D
327 3765 358 3802 C
379 3757 630 3816 acquisita‘ad
647 3764 886 3803 velocitatem
905 3766 1129 3816 acquisitam
1156 3764 1299 3803 ibidem

259 3815 445 3856 descensu
478 3831 545 3866 per
575 3831 706 3856 arcum
740 3819 776 3856 B
808 3819 840 3857 C
871 3826 916 3855 ut
949 3831 1059 3856 arcus
1091 3819 1123 3856 C
1155 3818 1210 3864 D,
1239 3817 1300 3854 vel

260 3870 416 3909 aeoualis
451 3872 485 3909 B
506 3876 558 3920 O,
573 3871 623 3910 ad
653 3883 786 3910 arcum
817 3872 853 3910 B
878 3872 923 3919 C,
946 3871 1084 3922 (Prop.
1108 3870 1181 3909 LI.
1207 3869 1296 3908 Lib.

1352 3396 1385 3433 C
1417 3396 1461 3433 H
1495 3394 1533 3432 G
1566 3394 1599 3431 C
1630 3391 1797 3430 circulus
1826 3391 2014 3429 diametro
2047 3392 2085 3430 G
2116 3392 2148 3429 C
2181 3390 2392 3438 descriptus

1349 3460 1482 3485 secans
1512 3446 1553 3485 D
1577 3445 1668 3484 Fin
1690 3445 1747 3481 H.
1806 3444 2007 3495 Jungatur
2037 3443 2179 3482 chorda
2211 3444 2244 3481 C
2267 3443 2323 3487 H,
2352 3450 2392 3480 et

1350 3501 1423 3539 erit
1440 3512 1552 3539 arcus
1569 3497 1751 3549 cycloidis
1773 3497 1799 3535 S
1820 3498 1861 3535 D
1875 3513 1933 3533 =
1950 3501 1973 3534 2
1996 3497 2033 3534 G
2050 3496 2082 3535 C
2100 3517 2154 3527 —-
2173 3501 2197 3534 2
2220 3496 2252 3534 C
2274 3495 2333 3541 H,
2354 3502 2393 3533 et

1350 3566 1461 3591 arcus
1479 3553 1505 3590 S
1523 3551 1556 3590 C
1583 3566 1639 3587 =
1660 3555 1684 3588 2
1708 3551 1746 3588 G
1768 3551 1801 3588 C
1823 3552 1932 3602 (462.
1957 3549 2045 3588 Lib.
2073 3549 2130 3599 Ι.)
2150 3546 2316 3598 ideoque
2332 3560 2392 3585 ar-

1352 3619 1421 3644 cus
1457 3606 1497 3643 D
1529 3606 1561 3642 C
1579 3620 1636 3640 =
1657 3607 1682 3640 2
1705 3604 1737 3641 C
1759 3603 1817 3640 H.
1878 3603 1953 3640 Est
1983 3609 2113 3639 autem
2151 3603 2216 3653 (ex
2238 3599 2392 3639 -naturii

1353 3658 1505 3708 circuli)
1537 3658 1570 3695 C
1594 3657 1626 3694 F
1653 3655 1702 3694 ad
1725 3656 1757 3694 C
1782 3656 1824 3693 H
1844 3664 1889 3693 ut
1911 3656 1943 3694 C
1966 3655 2009 3692 H
2030 3654 2079 3692 ad
2102 3654 2133 3692 C
2157 3655 2208 3700 G,
2237 3661 2277 3692 et
2301 3653 2392 3691 hinc

1358 3709 1768 3749 CFadecHseu
1799 3709 1909 3754 DC,
1937 3706 2390 3752 ut2cHad4CG,

1353 3763 1432 3801 sive
1460 3771 1505 3801 ut
1540 3764 1581 3802 D
1604 3763 1636 3800 C
1657 3761 1706 3800 ad
1727 3767 1750 3798 2
1774 3761 1810 3799 P
1831 3761 1889 3808 C3
1919 3761 1991 3797 hoc
2022 3769 2088 3803 est,
2123 3760 2231 3798 sinus
2261 3770 2392 3796 versus

1359 3817 1393 3855 C
1414 3815 1459 3862 F,
1480 3816 1530 3855 ad
1547 3827 1679 3854 arcum
1703 3815 1736 3852 C
1757 3814 1812 3860 D,
1833 3820 1877 3852 ut
1895 3825 2005 3852 arcus
2023 3812 2128 3851 idem
2154 3813 2203 3851 ad
2230 3810 2391 3861 penduli
2435 3830 2439 3832 ἡ

1353 3868 1636 3922 longitudinem
1655 3866 1826 3915 duplam.
