2502 4192
238 301 340 348 154

776 296 1342 351 PHILOSOPHIAE
1384 297 1837 383 bJA⁷1¹URALIS
1930 299 2108 365 [Mor.
2145 299 2394 352 Conpon.

543 525 1018 611 PROPQSITIO
1059 525 1310 576 XXVII.
1369 519 1842 577 'THEOREMA
1886 527 2081 580 XXII.

236 671 296 724 Si
334 672 623 739 corporibus
642 672 1012 739 funependulis
1047 671 1300 721 resistitur
1328 672 1382 721 in
1409 668 1667 736 duplicatci
1703 671 1901 722 ratione
1925 674 2248 736 velocitatum,
2290 677 2392 744 difi

288 762 536 829 ferentice
572 762 705 811 inter
730 768 962 830 tempora!
981 761 1346 811 oscillationum
1373 761 1428 810 in
1454 761 1613 811 medio
1637 763 1897 812 resistente
1921 781 1982 813 ac
2004 773 2224 831 tempora
2250 767 2392 816 oscil-

309 855 550 904 lationum
570 854 624 902 in
644 852 852 919 cy'usdem
872 854 1150 920 gravitatis
1164 853 1403 920 specificoe
1421 855 1583 903 medio
1602 871 1702 903 non
1721 855 1994 916 resistente,
2022 863 2166 906 erunt
2185 856 2393 908 arcubus

308 941 579 992 oscillando
604 942 865 1008 descriptis
878 943 1288 1007 proportionales
1313 959 1459 1010 quam
1476 936 1725 1009 proxime*-

312 1084 374 1153 (Ζ)
415 1084 554 1135 Nam
592 1081 832 1152 pendulis
877 1086 1159 1156 aequalibus
1204 1086 1259 1137 in
1299 1086 1473 1138 medio
1523 1087 1793 1139 resistente
1837 1088 2199 1140 describantur
2241 1107 2391 1140 arcus

235 1174 515 1243 inaequales
543 1175 610 1237 A,
642 1175 718 1237 B;
761 1185 813 1227 et
850 1175 1141 1228 resistentia
1178 1176 1410 1245 corporis
1444 1176 1500 1227 in
1537 1194 1661 1228 arcu
1700 1177 1767 1240 A,
1809 1177 1905 1229 erit
1941 1178 2007 1229 ad
2050 1178 2391 1229 resistentiam

293 1337 354 1389 (Ζ)
377 1340 399 1364 *
422 1342 534 1379 Nam
558 1342 739 1390 pendulis
757 1343 970 1390 aequalibus
987 1341 1029 1380 in
1043 1342 1163 1380 medio
1181 1342 1290 1381 resis-

1344 1342 1412 1392 qui
1430 1353 1525 1392 ergo
1543 1340 1755 1392 aequalibus
1773 1341 2011 1390 temporibus
2029 1340 2302 1385 describentur,
2324 1343 2390 1379 sed

236 1398 335 1430 tente
352 1394 614 1432 describantur
633 1408 750 1433 arcus
768 1396 972 1444 inaequales
1002 1396 1042 1433 A
1060 1403 1095 1433 et
1115 1398 1166 1438 B,
1199 1397 1220 1419 ²*
1241 1394 1291 1433 ad
1344 1402 1498 1444 ternpus
1516 1407 1594 1445 quo
1613 1394 1841 1433 describitur
1858 1395 2013 1433 arculus
2031 1409 2053 1432 a
2067 1402 2124 1433 est
2141 1396 2177 1432 T
2192 1396 2245 1446 -ξ-
2262 1408 2282 1431 x
2300 1408 2392 1445 ergo

237 1444 452 1492 pleniorem
497 1447 615 1497 hujus
656 1447 991 1485 demonstrationis
1036 1447 1282 1495 evidentiam,

234 1496 406 1547 fingatur
422 1497 510 1536 illos
528 1512 640 1537 arcus
657 1500 699 1537 in
718 1499 879 1538 totidem
892 1508 1018 1549 partes
1031 1513 1149 1551 quam
1168 1501 1283 1538 mini-

234 1561 316 1587 mas
334 1550 434 1588 inter
452 1565 492 1590 se
511 1553 678 1603 aequales
696 1553 827 1600 dividi,
857 1554 1022 1604 singulae
1049 1554 1091 1591 in
1118 1562 1283 1605 utroque

234 1615 327 1641 arcu
357 1612 471 1642 erunt
503 1607 593 1643 totis
625 1609 790 1645 arcubus
820 1607 1123 1656 proportionales
1150 1608 1281 1645 dican-

234 1664 373 1706 turque
392 1671 414 1695 a
433 1666 472 1695 et
490 1660 528 1704 b,
560 1659 593 1696 si
620 1660 795 1697 medium
815 1668 884 1697 aut
902 1673 982 1697 non
1002 1661 1193 1698 resisteret
1219 1668 1286 1699 aut

235 1710 427 1748 resisteret
444 1712 485 1748 in
499 1712 647 1750 ratione
661 1713 923 1759 velocitatum,
943 1714 1161 1752 velocitates
1174 1714 1286 1752 initio

232 1763 510 1811 particularum
537 1767 761 1815 quarumvis
787 1767 1170 1815 correspondentium
1198 1781 1222 1806 a
1247 1776 1286 1806 et

233 1817 271 1861 b,
302 1817 430 1855 forent
448 1826 493 1856 ut
511 1832 623 1856 arcus
640 1820 713 1868 ipsi
737 1821 773 1857 A
791 1827 829 1857 et
851 1821 911 1866 B;
941 1828 981 1857 at
998 1820 1039 1857 in
1067 1820 1197 1858 medio
1224 1833 1284 1858 re-

234 1869 390 1907 sistente
408 1870 450 1907 in
468 1872 615 1910 ratione
634 1870 832 1921 duplicata
850 1873 1060 1911 velocitatis
1088 1873 1205 1922 paulo
1224 1874 1282 1911 di-

233 1935 341 1960 versa
359 1924 431 1961 erit
448 1926 531 1962 haec
546 1925 791 1964 velocitatum
812 1926 921 1972 ratio,
943 1926 1010 1964 sed
1028 1934 1182 1975 propter
1200 1927 1282 1965 exi-

233 1989 354 2026 guam
365 1977 555 2016 rationem
566 1978 790 2017 resistentiae
806 1979 855 2017 ad
870 1980 1123 2026 velocitatem,
1136 1980 1284 2031 negligi

233 2031 374 2078 poterit
391 2031 474 2068 haec
493 2031 721 2079 differentia,
751 2040 790 2071 et
808 2033 974 2081 supponi
993 2041 1118 2082 potest
1145 2035 1284 2072 veloci-

232 2090 330 2120 tates
348 2095 506 2122 manere
524 2085 565 2121 in
583 2086 730 2124 ratione
750 2099 911 2124 arcuum
940 2099 1058 2137 quam
1085 2086 1283 2135 proxime;

232 2136 338 2186 quod
370 2136 401 2174 si
432 2137 487 2175 ita
522 2148 764 2188 supponatur
795 2142 1006 2178 resistentia
1041 2142 1205 2190 corporis
1241 2143 1284 2180 in

232 2190 367 2240 quovis
379 2199 528 2239 puncto
540 2206 655 2231 arcus
671 2195 709 2230 A
723 2195 793 2231 erit
810 2196 862 2231 ad
880 2195 1134 2231 resistentiam
1154 2207 1284 2243 corpo-

232 2245 284 2281 ris
296 2245 336 2282 in
342 2252 455 2293 parte
470 2250 782 2296 correspondente
797 2260 910 2285 arcus
932 2250 978 2292 Β,
992 2247 1092 2284 sicut
1102 2247 1286 2297 quadrata

231 2296 481 2335 velocitatum
515 2298 557 2335 in
594 2299 750 2347 punctis
785 2299 863 2337 illis
900 2300 1287 2348 correspondentibus

232 2362 369 2387 eorum
388 2363 564 2397 arcuum,
598 2351 640 2389 id
666 2360 723 2390 est
750 2360 795 2390 ut
824 2356 1012 2404 quadrata
1031 2356 1201 2404 ipsorum
1220 2369 1283 2392 ar.

232 2417 354 2442 cuum
373 2406 412 2442 A
431 2406 471 2442 A
489 2412 522 2443 et
545 2408 583 2443 B
602 2408 642 2444 B
659 2420 778 2457 quam
799 2406 981 2457 proxime.
1045 2408 1285 2458 Designetur

232 2468 323 2495 vero
351 2457 532 2496 velocitas
563 2458 675 2497 initio
704 2472 816 2498 arcus
842 2473 866 2497 a
891 2473 959 2509 per
980 2473 1001 2496 v
1024 2460 1076 2507 A,
1106 2468 1145 2498 et
1171 2460 1282 2499 initio

231 2522 344 2548 arcus
370 2513 395 2549 b
413 2524 518 2560 perv
541 2512 590 2550 Β.
653 2513 893 2564 Designetur
924 2526 1038 2562 porro
1070 2513 1282 2553 resistentia

231 2563 344 2601 initio
375 2577 489 2602 arcus
508 2578 530 2603 a
556 2578 626 2615 per
652 2578 691 2617 ῃ]
717 2570 752 2604 A
778 2567 831 2613 A,
865 2574 905 2604 et
930 2567 1142 2605 resistentia
1169 2567 1281 2606 initio

232 2629 344 2655 arcus
375 2620 401 2656 b
433 2631 502 2666 per
526 2632 568 2656 m
590 2620 625 2658 B
650 2619 710 2667 B;
744 2619 786 2658 in
813 2620 942 2658 medio
974 2633 1054 2658 non
1085 2621 1282 2659 resistente

231 2672 475 2720 tempuscula
510 2673 652 2723 quibus
687 2673 853 2725 singulae
891 2673 1089 2722 particulae
1122 2687 1145 2712 a
1180 2683 1219 2712 et
1255 2677 1280 2713 b

231 2722 495 2763 describentur
513 2733 628 2764 erunt
647 2727 822 2778 aequalia,
846 2729 933 2780 (per
954 2727 1070 2776 Prop.
1097 2727 1158 2765 II.
1185 2728 1273 2766 Lib.

233 2776 294 2826 Ι.)
315 2777 568 2830 designentur
585 2778 676 2817 ver&
693 2793 762 2829 per
783 2782 843 2828 T;
873 2793 965 2819 cum
984 2793 1076 2831 ergo
1094 2781 1136 2818 in
1150 2781 1280 2820 medio

229 2831 428 2870 resistente
439 2840 594 2881 propter
608 2833 848 2872 velocitatem
860 2834 1109 2872 imminutam
1123 2834 1279 2886 longius

231 2882 299 2922 fiat
317 2893 471 2935 tempus
489 2886 530 2923 in
551 2885 703 2924 inversa
729 2887 876 2925 ratione
903 2887 1153 2926 velocitatum
1179 2896 1226 2926 ut
1251 2902 1278 2927 x

231 2949 409 2976 excessus
434 2938 499 2977 ille
526 2940 759 2988 tempusculi
786 2953 864 2990 quo
883 2953 994 2978 arcus
1011 2954 1035 2978 a
1053 2941 1280 2980 describitur

230 2989 273 3027 in
285 2992 420 3030 medio
438 2992 637 3031 resistente
651 3006 765 3042 supra
779 2993 1067 3043 tempusculum
1082 3007 1160 3045 quo
1173 2995 1279 3032 idem

230 3055 343 3082 arcus
361 3045 402 3082 in
421 3046 551 3084 medio
569 3059 649 3083 non
676 3047 874 3085 resistente
900 3047 1137 3096 percurritur
1162 3049 1277 3086 habe—

230 3096 411 3148 biturque
423 3111 470 3136 ex
484 3099 758 3149 hypothesibus
773 3113 795 3138 v
815 3101 852 3138 A
866 3121 919 3131 —
930 3113 971 3138 m
990 3103 1028 3137 A
1046 3102 1106 3140 A:
1130 3114 1154 3138 v
1170 3102 1208 3139 A
1221 3117 1279 3138 =

234 3151 295 3188 T:
317 3152 352 3189 T
373 3152 426 3204 -Ι-
448 3164 485 3190 x.

288 3204 346 3242 Ut
371 3205 591 3244 inveniatur
622 3206 719 3247 ratio
747 3209 863 3260 hujus
897 3221 1074 3246 excessus
1091 3220 1117 3245 x
1135 3207 1185 3246 ad
1213 3220 1278 3246 ex-

232 3270 384 3296 cessum
397 3259 629 3307 tempusculi
640 3274 719 3311 quo
733 3274 844 3300 arcus
858 3261 1084 3300 describitur
1096 3261 1137 3298 in
1150 3262 1279 3300 medio

231 3311 431 3349 resistente
450 3313 666 3350 secundum
693 3315 822 3366 legem
843 3314 1079 3363 duplicatam
1098 3314 1277 3353 velocita-

230 3364 293 3410 tis,
327 3377 443 3413 supra
469 3367 758 3415 tempusculum
779 3368 827 3414 T,
858 3380 937 3418 quo
967 3367 1072 3405 idem
1099 3380 1210 3406 arcus
1236 3368 1278 3406 in

231 3417 362 3455 medio
394 3430 475 3456 non
511 3419 708 3458 resistente
743 3421 1002 3470 percurritur3
1039 3428 1279 3470 supponatur

232 3484 366 3509 arcum
389 3472 423 3509 B
445 3472 485 3509 in
504 3472 572 3509 tali
599 3474 729 3512 medio
756 3474 917 3512 describi
936 3482 981 3512 ut
998 3474 1211 3512 resistentia
1237 3475 1280 3511 in

232 3524 387 3574 punctis
405 3538 429 3562 a
446 3524 558 3563 arcfis
579 3525 631 3572 A,
661 3527 710 3564 sit
728 3527 777 3565 ad
794 3527 1049 3565 resistentiam
1067 3527 1108 3564 in
1126 3527 1281 3577 punctis

233 3578 619 3627 correspondentibus
645 3581 671 3617 b
689 3579 799 3618 arcus
821 3582 868 3626 B,
899 3580 999 3619 sicut
1022 3582 1058 3618 A
1079 3589 1137 3619 est
1155 3581 1204 3619 ad
1227 3581 1276 3628 Β,

232 3629 398 3682 ideoque
417 3632 518 3670 sicut
535 3631 755 3671 velocitates
780 3633 891 3672 initio
919 3647 1081 3672 arcuum
1106 3634 1277 3680 illorum,

233 3684 313 3722 sive
344 3697 434 3723 cum
462 3685 676 3724 resistentia
702 3685 742 3723 in
762 3699 786 3723 a
803 3686 852 3724 sit
869 3699 910 3723 m
933 3688 970 3725 A
994 3690 1033 3725 A
1067 3686 1281 3725 resistentia

232 3736 275 3774 in
292 3740 318 3776 b
336 3737 507 3789 fingatur
526 3750 607 3776 esse
625 3751 666 3775 m
688 3738 727 3776 A
751 3739 800 3785 Β,
830 3738 919 3777 cum
944 3752 1038 3792 ergo
1055 3740 1280 3779 resistentiae

233 3790 311 3828 sint
354 3791 396 3828 in
438 3791 523 3841 'ipsa
568 3792 716 3830 ratione
760 3792 1019 3839 velocitatum,
1062 3794 1281 3832 velocitates

234 3842 400 3892 demptis
424 3845 646 3883 resistentiis
673 3846 886 3883 manebunt
904 3845 945 3882 in
964 3844 1100 3884 eadem
1119 3846 1278 3893 ratione,

233 3894 275 3932 in
293 3896 441 3936 ratione
459 3910 600 3949 nempe
618 3911 781 3938 arcuum
796 3898 1130 3938 describendorum
1150 3913 1173 3938 a
1191 3906 1229 3938 et
1241 3901 1279 3946 b,

1339 1448 1372 1485 si
1390 1447 1604 1486 resistentia
1621 1448 1663 1485 in
1683 1461 1776 1486 arcu
1794 1449 1842 1494 Β,
1859 1448 1972 1487 siveb
1991 1449 2040 1486 sit
2053 1450 2099 1485 m'
2113 1448 2150 1484 A
2170 1449 2204 1485 Β
2226 1447 2390 1498 ideoque

1339 1501 1520 1539 veloci-tas
1538 1501 1587 1539 sit
1603 1514 1628 1539 v
1650 1502 1685 1540 B
1704 1523 1758 1532 --
1775 1515 1816 1538 m
1840 1504 1874 1539 A
1900 1503 1936 1540 B
1965 1510 2118 1550 tempus
2144 1514 2221 1552 quo
2249 1501 2390 1539 descri-

1342 1556 1456 1592 betur
1474 1568 1587 1592 arcus
1604 1557 1629 1592 b
1649 1555 1722 1592 erit
1739 1555 1856 1592 etiam
1878 1556 1913 1592 T
1934 1556 1986 1607 -Ι-
2011 1569 2048 1592 x.

1394 1608 1499 1645 Cum
1527 1614 1657 1646 autem
1685 1608 1814 1659 revera
1842 1608 2057 1646 resistentia
2089 1608 2200 1645 initio
2227 1621 2337 1645 arcus
2364 1611 2390 1646 b

1341 1672 1421 1698 non
1454 1661 1503 1698 sit
1533 1674 1573 1697 m
1596 1662 1635 1699 A
1658 1661 1693 1699 B
1728 1661 1795 1698 sed
1829 1674 1868 1698 m
1892 1662 1927 1699 B
1952 1663 2001 1708 B,
2035 1661 2065 1698 si
2093 1674 2117 1710 y
2137 1662 2186 1698 sit
2213 1674 2391 1699 excessus

1340 1714 1575 1763 tempusculi
1603 1715 1644 1751 in
1671 1728 1749 1764 quo
1767 1717 1793 1753 b
1812 1714 2040 1752 describitur
2058 1715 2098 1750 in
2119 1714 2248 1751 medio
2275 1714 2386 1751 resis-

1341 1774 1447 1805 tente
1474 1768 1589 1818 juxta
1606 1768 1792 1818 quadrata
1818 1768 2063 1806 velocitatum
2093 1780 2208 1816 supra
2230 1775 2389 1815 tempus

1325 1825 1419 1869 *quo
1437 1820 1541 1858 idem
1560 1833 1671 1858 arcus
1689 1821 1730 1858 in
1749 1821 1879 1859 medio
1897 1834 1975 1859 non
2005 1821 2203 1858 resistente
2230 1833 2388 1868 percur-

1339 1874 1449 1920 ritur,
1483 1874 1555 1910 erit
1586 1881 1739 1923 tempus
1774 1875 1810 1912 T
1905 1887 1930 1911 x
1962 1875 2012 1911 ad
2043 1881 2195 1921 tempus
2229 1874 2337 1925 '1⁷4-
2363 1888 2389 1924 y

1339 1926 1530 1975 reciproce
1549 1926 1648 1964 sicut
1666 1926 1845 1965 velocitas
1864 1941 1886 1964 v
1909 1928 1943 1965 B
1962 1949 2017 1958 -—
2034 1940 2073 1964 m
2095 1929 2129 1964 A
2148 1927 2182 1964 B
2197 1939 2284 1976 quae
2295 1939 2386 1975 sup-

1339 1982 1565 2028 ponebatur,
1594 1980 1644 2017 ad
1662 1980 1901 2018 velocitatem
1923 1994 1945 2017 v
1969 1982 2004 2018 B
2024 2003 2075 2009 —
2095 1993 2134 2017 m
2159 1981 2193 2018 B
2219 1981 2266 2025 B,
2297 1981 2386 2018 erit-

1340 2045 1416 2083 que
1442 2033 1531 2071 ideo
1557 2034 2384 2072 vB——mBBade-mAB=

1343 2087 1380 2124 T
1400 2087 1453 2139 -ᾗ-
1475 2099 1512 2133 x,
1534 2086 1584 2124 ad
1607 2085 1643 2124 T
1661 2087 1714 2139 -1-
1731 2100 1769 2137 y,
1799 2100 1889 2126 cum
1909 2099 2002 2138 ergo
2041 2086 2245 2125 subtractio
2262 2099 2385 2136 quan-

1340 2140 1495 2178 titatum
1516 2153 1555 2177 m
1579 2140 1614 2178 Β
1634 2141 1688 2187 Β,
1718 2153 1759 2177 m
1783 2142 1820 2178 A
1843 2141 1878 2178 B
1907 2153 1953 2178 ex
1974 2141 2170 2178 velocitate
2197 2152 2220 2176 v
2242 2140 2277 2177 B
2298 2153 2384 2189 pro-

1340 2193 1458 2231 ducat
1487 2206 1664 2231 excessus
1691 2206 1716 2230 x
1736 2201 1774 2231 et
1791 2207 1817 2244 y
1843 2206 1959 2241 supra
1985 2202 2137 2241 tempus
2158 2194 2206 2238 T,
2236 2201 2385 2241 oportet

1342 2254 1388 2285 ut
1414 2247 1494 2284 illae
1518 2249 1753 2298 quantitates
1779 2260 1819 2284 m
1843 2248 1877 2284 B
1902 2249 1949 2290 B,
1980 2260 2020 2284 m
2044 2248 2080 2284 A
2107 2248 2154 2292 B,
2188 2246 2263 2284 sint
2288 2247 2383 2284 reci-

1341 2298 1457 2349 proce
1484 2308 1528 2338 ut
1546 2313 1571 2336 x
1591 2307 1628 2337 et
1646 2313 1684 2350 y,
1719 2300 1787 2338 sed
1812 2313 1852 2337 m
1877 2301 1914 2338 A
1939 2301 1972 2338 B
1993 2309 2029 2338 et
2049 2314 2088 2337 m
2110 2300 2143 2337 B
2167 2300 2201 2337 Β
2222 2307 2313 2337 sunt
2340 2308 2385 2338 ut

1344 2354 1382 2390 A
1402 2353 1452 2391 ad
1475 2354 1523 2398 B,
1545 2366 1637 2403 ergo
1660 2355 1698 2391 A
1713 2361 1769 2392 est
1787 2354 1836 2392 ad
1859 2355 1907 2400 B,
1928 2354 2027 2391 sicut
2046 2368 2068 2391 x
2082 2360 2139 2391 est
2158 2353 2205 2391 ad
2218 2366 2254 2402 y,
2276 2351 2383 2391 ide&-

1340 2419 1416 2457 que
1435 2420 1612 2445 excessus
1630 2419 1653 2443 x
1675 2410 1857 2456 temporis
1875 2420 1986 2445 arcus
2011 2410 2045 2444 A
2067 2407 2107 2444 in
2127 2407 2254 2444 medio
2272 2407 2381 2444 resis-

1338 2467 1444 2498 tente
1462 2460 1503 2497 in
1522 2458 1719 2508 duplicata
1746 2461 1893 2498 ratione
1921 2461 2130 2498 velocitatis
2148 2472 2264 2508 supra
2282 2468 2381 2496 tem-

1337 2527 1413 2563 pus
1439 2513 1480 2550 in
1508 2513 1644 2551 eodem
1674 2526 1767 2551 arcu
1790 2517 1827 2551 A
1847 2514 1889 2550 in
1907 2513 2037 2552 medio
2062 2526 2142 2551 non
2171 2514 2380 2560 resistente,

1337 2574 1394 2605 est
1411 2567 1461 2605 ad
1480 2579 1679 2605 excessum
1705 2580 1731 2617 y
1758 2566 1940 2616 temporis
1971 2579 2082 2605 arcus
2113 2568 2148 2604 B
2176 2566 2217 2603 in
2245 2566 2381 2604 eodem

1337 2620 1468 2658 medio
1494 2633 1610 2669 supra
1636 2627 1789 2669 tempus
1808 2621 1848 2658 in
1868 2620 2004 2659 eodem
2023 2634 2113 2658 arcu
2138 2621 2175 2657 B
2192 2620 2233 2656 in
2252 2620 2383 2658 medio

1338 2686 1417 2711 non
1435 2674 1642 2716 resistente,
1665 2682 1710 2711 ut
1728 2687 1838 2712 arcus
1860 2674 1899 2712 A
1920 2675 1968 2712 ad
1987 2687 2120 2711 arcum
2145 2675 2192 2719 Β,
2213 2686 2380 2724 cumque

1335 2727 1440 2765 idem
1475 2728 1720 2765 ratiocinium
1756 2728 1798 2764 in
1835 2727 2015 2765 omnibus
2046 2729 2212 2765 arcubus
2243 2739 2379 2776 quam-

1335 2781 1507 2819 minimis
1524 2794 1548 2819 a
1566 2788 1604 2819 et
1620 2783 1646 2820 b
1663 2780 1830 2819 instituti
1850 2781 1979 2829 possit,
2009 2793 2173 2817 summae
2199 2779 2378 2817 omnium

1335 2846 1563 2872 excessuum
1592 2834 1924 2883 tempusculorum
1954 2834 1995 2871 in
2024 2846 2114 2871 arcu
2148 2835 2199 2879 A,
2232 2832 2304 2871 erit
2331 2832 2381 2870 ad

1335 2900 1529 2925 summam
1548 2888 1725 2926 omnium
1744 2900 1970 2926 excessuum
1989 2886 2320 2936 tempusculorum
2338 2886 2380 2923 in

1335 2954 1428 2979 arcu
1449 2942 1485 2980 B
1506 2950 1551 2980 ut
1572 2943 1610 2980 A
1630 2942 1681 2980 ad
1698 2942 1747 2979 B.
1805 2942 1857 2986 Q.
1881 2954 1914 2979 e,
1938 2940 1976 2979 d.

1390 2998 1412 3019 ¹*
1438 2995 1558 3040 Quod
1572 3008 1749 3033 excessus
1762 3007 1787 3032 x
1802 3003 1840 3033 et
1853 3008 1877 3045 y
1890 2994 2221 3043 tempusculorum
2239 2994 2381 3045 quibus

1334 3047 1606 3086 describuntur
1633 3061 1745 3086 arcus
1771 3061 1794 3085 a
1821 3057 1860 3086 et
1887 3050 1923 3092 b,
1956 3047 1999 3084 in
2026 3048 2156 3085 medio
2181 3048 2381 3085 resistente

1327 3101 1444 3151 juxta
1478 3102 1666 3140 rationem
1696 3101 1933 3150 duplicatam
1961 3101 2222 3146 velocitatum,
2264 3112 2381 3148 supra

1335 3163 1490 3204 tempus
1515 3167 1593 3205 quo
1621 3155 1925 3193 describerentur
1951 3154 1993 3191 in
2022 3154 2152 3191 medio
2170 3166 2249 3190 non
2267 3153 2378 3191 resis-

1334 3215 1441 3245 tente
1458 3208 1534 3246 sint
1552 3215 1597 3247 ut
1620 3210 1656 3246 A
1677 3215 1715 3246 et
1733 3209 1781 3253 B,
1795 3221 1840 3245 ex
1856 3207 2040 3256 superiori
2053 3206 2379 3244 demonstratione

1333 3260 1413 3299 alio
1443 3261 1561 3298 modo
1588 3262 1672 3299 erui
1698 3268 1833 3310 potest.
1895 3261 2000 3299 Nam
2018 3260 2264 3298 manentibus
2291 3272 2379 3311 quae

1333 3313 1413 3352 illic
1431 3327 1682 3364 posueramus
1700 3322 1767 3352 est.

1386 3368 1663 3405 vA—mA
1687 3369 1755 3406 A:
1780 3365 2380 3420 vA=T=T÷xestetiam

1334 3420 1451 3458 simili
1468 3422 1658 3459 rationev
1680 3422 1836 3459 B—m
1855 3421 1890 3459 B
1910 3422 2135 3459 Bsz=
2154 3422 2215 3459 T:
2234 3420 2380 3472 T†y

1335 3481 1375 3512 et
1392 3474 1600 3512 dividendo
1618 3474 1661 3511 in
1681 3482 1845 3526 utraque
1863 3474 2107 3524 proportione
2124 3473 2168 3512 fit

1493 3527 2263 3565 vA-mAAzmAA=T:x

1492 3581 1767 3619 vB-mB
1800 3581 1989 3619 13sz
2021 3581 2282 3629 B=T:y.

1338 3633 1415 3673 Sed
1452 3636 1502 3672 ob
1538 3633 1789 3685 exiguitatem
1820 3633 2044 3672 resistentiae
2079 3632 2290 3671 velocitatis
2317 3645 2379 3671 re-

1335 3695 1469 3736 spectu
1501 3686 1646 3725 assumi
1674 3695 1801 3736 potest
1830 3700 1855 3724 v
1877 3688 1916 3725 A
1935 3710 1987 3718 —
2001 3698 2043 3723 m
2063 3687 2101 3723 A
2126 3687 2163 3724 A
2192 3686 2262 3735 pr'o
2279 3699 2304 3724 v
2325 3687 2377 3731 A,

1335 3748 1375 3778 et
1405 3753 1429 3778 v
1459 3741 1684 3779 B—mB
1716 3741 1752 3779 Β
1785 3753 1856 3790 pro
1885 3753 1909 3779 v
1938 3741 1989 3788 B,
2027 3738 2132 3778 unde
2169 3746 2226 3778 est
2262 3751 2380 3791 quam

1334 3793 1509 3843 proxime

1494 3860 1519 3884 v
1541 3847 1580 3885 A
1600 3861 1610 3884 t
1634 3860 1675 3884 m
1698 3848 1736 3885 A
1761 3847 1799 3885 A
1817 3863 1875 3884 =
1897 3847 1934 3885 T
1953 3862 1962 3885 :
1986 3859 2011 3884 x

1496 3913 1520 3937 v
1540 3900 1576 3939 B
1598 3913 1609 3939 τ
1633 3912 1675 3938 m
1696 3901 1732 3941 B
1756 3901 1791 3939 B
1809 3916 1867 3938 =
1892 3900 1929 3939 T
1948 3916 1958 3940 ς
1981 3913 2005 3949 y
2018 3906 2056 3938 et
2071 3897 2294 3938 reducendo
2306 3898 2381 3949 pri-
