2502 4192
75 3648 78 3650 .
158 3606 199 3643 D
216 3618 236 3642 r
253 3619 276 3644 a
296 3607 329 3644 F
349 3607 454 3658 (vide
465 3609 607 3659 figuras
625 3611 851 3662 superiores)
871 3613 1027 3651 describi
1043 3622 1179 3662 potest,
1234 3635 1283 3674 L·
1350 3616 1374 3642 θ

129 293 311 345 ΙΑΒΕη
340 291 609 353 SECUND.]
721 285 1121 341 PRINCIPIA
1161 285 1776 338 MATHEMATICA.
2169 296 2241 345 29

204 437 365 487 Corol.
407 439 454 489 7.
519 432 678 486 Unde
725 432 887 503 liquet
933 431 1204 484 methodus
1249 414 1623 482 determinandi
1663 447 1870 481 curvam
1909 428 1965 481 D
1989 448 2017 480 1·
2041 449 2071 480 a
2099 429 2142 481 F
2180 452 2246 485 ex

122 522 276 591 phaen
287 523 481 574 omenis
521 520 925 592 quamproxime,
967 530 1019 572 et
1044 520 1162 571 inde
1186 518 1461 590 colligendi
1485 518 1823 570 resistentiam
1849 527 1900 569 et
1923 518 2245 571 velocitatem

127 611 349 680 quacum
387 628 574 683 corpus
604 610 886 680 projicitur.
963 609 1306 679 Projiciantur
1335 625 1554 677 corpora
1585 607 1691 659 duo
1721 606 1907 659 similia
1941 615 1994 659 et
2028 607 2246 679 aequalia

1506 778 1557 828 ,Ρ

143 2611 321 2663 eadem
359 2630 476 2664 cum
512 2613 796 2678 velocitate,
839 2615 903 2668 de
926 2616 1042 2668 loco
1068 2617 1140 2679 D,
1187 2615 1471 2668 secundum
1510 2614 1724 2685 angulos
1769 2613 1995 2665 diversos
2038 2613 2083 2664 C
2110 2612 2164 2665 D
2195 2613 2254 2677 P,

143 2699 188 2750 C
208 2699 262 2751 D
281 2718 316 2767 p
342 2710 393 2751 et
417 2712 792 2771 cognoscantur
816 2703 929 2754 loca
957 2704 1016 2766 F,
1043 2704 1076 2766 f,
1105 2705 1193 2755 ubi
1217 2704 1451 2755 incidunt
1465 2703 1518 2753 in
1533 2702 1848 2752 horizontale
1867 2702 2026 2769 planu
2069 2744 2070 2749 ,
2115 2702 2170 2754 D
2193 2703 2252 2753 C.

143 2789 299 2851 Tum,
342 2782 598 2859 assumpta
627 2791 932 2862 quacunque
957 2783 1280 2864 longitudine
1304 2813 1401 2862 pro
1435 2794 1490 2845 D
1520 2794 1564 2844 P
1588 2794 1668 2844 vel
1695 2793 1748 2845 D
1773 2812 1825 2861 p,
1865 2793 2089 2862 fingatur
2118 2793 2257 2861 quod

143 2879 426 2932 resistentia
450 2880 504 2931 in
528 2881 583 2932 D
610 2881 675 2933 sit
700 2883 765 2933 ad
798 2885 1098 2954 gravitatem
1122 2884 1177 2935 in
1217 2886 1416 2936 ratione
1457 2882 1698 2953 qualibet,
1727 2894 1777 2935 et
1803 2894 2089 2952 exponatur
2128 2884 2258 2934 ratio

144 2969 230 3020 illa
252 2988 345 3037 per
368 2970 741 3040 longitudinem
767 2974 993 3042 quamvis
1022 2976 1059 3026 S
1086 2974 1166 3026 M.
1242 2976 1304 3043 (5)
1346 2975 1552 3028 Deinde
1584 2994 1677 3043 per
1704 2976 2152 3044 computationem,
2192 2991 2259 3025 ex

145 3058 464 3130 longitudine
488 3058 574 3109 illa
600 3061 858 3130 assumpta
884 3063 938 3114 D
963 3063 1022 3125 P,
1050 3063 1375 3115 inveniantur
1398 3064 1743 3134 longitudines
1769 3065 1823 3116 D
1853 3065 1911 3127 F,
1940 3065 1995 3116 D
2020 3064 2054 3126 f,
2097 3083 2157 3115 ac
2193 3064 2259 3115 de

148 3237 415 3341 Ξεὲωξέῗζ.ῃ
435 3239 486 3285 v’
505 3239 584 3280 sive
600 3247 647 3279 nt
663 3241 839 3282 velocstas
859 3244 945 3297 (per
962 3251 1092 3282 mm
1110 3258 1175 3284 su*
1228 3283 1401 3323 tractare,
1434 3275 1491 3313 uti
1520 3275 1729 3325 poterimus
1761 3276 1973 3326 aequatione
2004 3288 2028 3324 y
2046 3291 2102 3312 =
2125 3257 2185 3304 ἒξ
2206 3299 2258 3308 —-·

203 3342 260 3393 (Ὺ)
278 3348 339 3382 64.
361 3346 512 3384 Deinde
517 3359 586 3396 per
600 3352 923 3398 computationem·
955 3348 1060 3388 Data
1073 3350 1176 3387 enim
1409 3374 1431 3399 e
2144 3324 2172 3361 g

152 3395 195 3434 D
218 3395 253 3433 P
283 3396 523 3448 longitudine
553 3406 593 3437 et
621 3401 818 3449 positione,
851 3402 992 3441 dantur
1022 3403 1053 3441 C
1077 3403 1112 3441 P
1139 3411 1177 3441 et
1229 3406 1262 3431 a·
1289 3393 1337 3431 L·

154 3447 197 3486 D
218 3448 263 3494 C,
290 3456 329 3487 et
345 3449 433 3487 data
450 3451 595 3489 ratione
610 3454 829 3492 resistentiae
847 3456 888 3492 in
918 3456 959 3494 D
978 3454 1026 3493 ad
1053 3458 1177 3506 gravi-

151 3508 269 3538 tatem
299 3501 440 3540 dantur
470 3504 511 3541 D
534 3504 572 3542 A
592 3511 630 3543 et
654 3507 688 3543 A
711 3508 743 3546 C
770 3520 838 3556 per
858 3509 1177 3547 constructionem
2086 3501 2111 3526 ⁸
2144 3500 2170 3525 x

364 3555 374 3563 ,
439 3555 449 3563 ,
488 3556 498 3564 ,
677 3558 686 3567 ,
1236 3517 1364 3557 nenda
1399 3525 1456 3557 est
1489 3531 1516 3568 y
1545 3533 1601 3556 =
1638 3529 1676 3563 o,
1713 3524 1752 3555 et
1787 3518 1951 3569 aequatio
1986 3518 2052 3558 fiet
2087 3543 2151 3550 —-
2204 3535 2261 3556 =

153 3553 395 3601 problematis
437 3564 569 3594 isuusz
630 3558 708 3596 His
741 3569 871 3598 autem
913 3561 1021 3605 datis,
1063 3574 1179 3599 curva
2113 3566 2140 3603 8

1358 3439 1481 3464 e-x
1503 3393 1589 3445 (63)
1619 3393 1660 3430 in
1687 3405 1763 3443 qua
1789 3401 1834 3432 ut
1859 3393 1908 3432 sit
1933 3405 1957 3430 x
1975 3409 2032 3431 =
2053 3393 2095 3432 D
2119 3394 2163 3442 F,
2192 3406 2260 3443 po-

1576 3633 1591 3647 ,
1977 3638 1987 3646 .

156 3665 194 3695 et
217 3658 311 3696 ¹hinc
341 3659 533 3699 invenitur
560 3663 773 3711 amplitudo
802 3666 1043 3703 horizontalis
1079 3667 1117 3702 D
1148 3667 1181 3704 F
1298 3682 1321 3706 e
1333 3691 1385 3700 -
1400 3665 1441 3707 x'
1461 3647 1507 3674 ex
1518 3647 1596 3685 qua
1612 3647 1679 3684 per
1689 3647 1902 3686 regressum
1916 3648 2110 3682 senemm'
2124 3635 2183 3672 vel
2195 3648 2262 3683 per

156 3714 435 3771 constructione
466 3727 533 3764 per
558 3716 802 3763 hyperbolum
830 3718 889 3756 vel
917 3730 983 3765 per
1002 3718 1182 3769 iogarith-
1235 3720 1328 3757 alias
1358 3719 1700 3767 approximationes
1731 3720 1946 3757 invenietur
1975 3734 1997 3757 x
2028 3733 2094 3769 per
2119 3734 2146 3772 g
2172 3729 2210 3760 et
2227 3736 2260 3769 e,

157 3774 294 3802 micam
314 3765 418 3817 (59.)
476 3766 514 3805 Si
534 3776 662 3806 autem
680 3781 761 3807 rem
779 3770 1011 3809 voluerimus
1037 3770 1184 3811 calculo
1236 3785 1303 3810 scu
1325 3772 1366 3811 D
1389 3773 1421 3810 F
1439 3784 1506 3821 per
1528 3773 1563 3810 A
1589 3772 1621 3810 C
1639 3779 1677 3809 et
1698 3771 1738 3809 D
1762 3772 1807 3810 C.
