2502 4192
256 270 362 318 226

777 261 1343 317 PHILOSOPHIAE
1382 220 1853 316 NATURALlSv
1884 305 1886 309 .
1958 260 2138 327 [Mo'r.
2167 262 2412 319 CoRPoR.

1701 455 1879 475 -„e-0...2-c
1976 473 1990 475 ,⁷
2102 472 2105 475 ,
2139 451 2147 476 ,“
2189 452 2196 457 ·
2224 473 2227 475 ,
2269 455 2304 478 ᾳ»,
2324 448 2391 477 Α..)-

1121 512 1412 565 LEMMA
1451 514 1547 567 IV.

259 681 508 749 Cylindri,
539 680 625 745 qui
648 671 907 728 secundum
932 678 1291 745 longitudinem
1310 695 1446 729 suam
1470 677 1788 747 uniformiter
1800 680 2146 747 progreditur,
2174 681 2407 733 resisten-

327 774 404 822 tia
430 789 490 821 ex
514 768 662 821 auctci
688 772 764 820 vel
789 768 1037 820 diminutci
1075 769 1176 837 ejus
1212 773 1526 839 longitudine
1559 789 1659 822 non
1697 780 1917 823 mutatur
1931 801 1950 831 ;
1998 774 2201 842 ideo‘que
2237 776 2407 826 eadem

284 886 293 898 ·›
328 870 399 913 est
424 879 528 912 cum
564 862 851 911 resistentia
888 862 1064 911 circuli
1099 859 1268 911 effidem
1306 862 1551 912 diametro
1587 864 1824 928 descripti
1860 871 1908 913 et
1943 860 2112 913 elidem
2150 865 2408 915 velocitate

325 949 586 1003 secundum
613 954 799 1003 lineam
825 960 1011 1003 rectam
1026 954 1191 1019 plano
1218 954 1373 1019 ipsius
1387 954 1853 1020 perpendicularem
1869 955 2261 1021 progredientis.

329 1107 395 1181 (Ζ)
421 1113 558 1164 Nam
584 1113 748 1165 latera
784 1113 1003 1184 cylindri
1039 1113 1204 1164 motui
1242 1114 1352 1182 ejus
1388 1112 1600 1165 minime
1635 1122 2004 1182 opponuntur:
2044 1123 2097 1167 et
2122 1114 2402 1186 cylindruS‚

251 1200 578 1273 longitudine
603 1204 712 1272 ejus
738 1203 794 1254 in
818 1202 1080 1254 infinitum
1107 1201 1377 1267 diminuta,
1404 1202 1460 1255 in
1485 1202 1736 1255 circulum
1758 1203 1991 1256 vertitur.

250 1379 362 1417 aquae
379 1374 491 1417 gutta
510 1375 620 1406 motu
639 1367 810 1406 verticali
828 1367 1074 1406 uniformiter
1093 1367 1303 1406 accelerato

250 1419 353 1457 cadit
381 1433 428 1457 ex
461 1421 505 1458 H
524 1421 566 1458 in
590 1422 628 1460 G
649 1421 782 1459 effluet
800 1421 857 1459 bis
877 1434 922 1459 ea
940 1434 1050 1472 aquae
1077 1423 1188 1471 copia
1213 1434 1302 1471 quae

248 1472 290 1510 in
319 1473 481 1512 conoide
513 1475 556 1512 H
589 1476 625 1513 P
656 1476 698 1520 Q
722 1475 964 1521 continetur;
1000 1487 1045 1512 ea
1069 1487 1163 1525 ergo
1190 1487 1302 1525 aquoe

249 1527 360 1575 copia
391 1528 463 1565 erit
496 1529 654 1577 aequalis
686 1527 861 1577 cylindro
893 1529 1006 1578 cujus
1032 1527 1198 1566 altitudo
1230 1527 1303 1566 erit

253 1581 296 1617 H
324 1581 374 1627 G,
404 1588 443 1618 et
468 1582 569 1620 basis
596 1582 765 1620 circulus
797 1581 831 1619 P
855 1582 905 1627 Q,
937 1581 1125 1630 particula
1142 1579 1233 1618 vero
1259 1581 1299 1618 G

249 1633 442 1672 celeritate
479 1648 524 1672 ex
563 1635 675 1683 lapsu
712 1647 780 1683 per
820 1634 864 1672 H
898 1634 1082 1684 acquisita
1113 1634 1300 1671 describet

250 1691 274 1724 2
298 1688 341 1725 H
368 1689 406 1726 G
425 1688 503 1726 sive
527 1688 564 1726 G
583 1690 635 1735 R,
655 1695 736 1726 tota
755 1700 847 1738 ergo
866 1700 966 1737 aqua
983 1700 1071 1738 quae
1089 1700 1157 1737 per
1168 1687 1300 1724 conoi-

249 1740 339 1778 dcm
360 1742 406 1780 H
429 1742 465 1780 P
487 1742 528 1786 Q
544 1741 762 1780 movebitur
780 1741 985 1791 occupabit
1002 1741 1168 1792 figuram
1186 1740 1301 1791 quus

748 2829 805 2876 R

249 2950 424 2988 basis·est
438 2948 606 2988 circulus
628 2948 663 2986 P
679 2949 731 2993 Q,
751 2947 863 2997 cujus
881 2947 1045 2986 altitudo
1063 2956 1120 2987 est
1139 2953 1162 2986 2
1180 2949 1225 2986 H
1243 2949 1294 2994 G,

250 3011 288 3040 et
315 3003 485 3041 soliditas
514 3002 722 3040 dimidium
752 3000 915 3049 cylindri
942 3002 1053 3052 cujus
1084 3002 1119 3040 P
1142 3003 1182 3046 Q
1199 3003 1298 3040 foret

250 3056 351 3094 basis
378 3064 416 3094 et
443 3055 608 3093 altitudo
636 3061 660 3093 2
684 3055 728 3093 Η
753 3055 803 3099 G,
835 3054 901 3091 sed
930 3068 997 3103 per
1015 3056 1297 3103 praecedentem

252 3109 515 3158 paraboloides
554 3117 611 3147 est
646 3107 727 3147 fere
764 3107 971 3145 dimidium
1018 3108 1180 3157 cylindri
1221 3109 1295 3146 cir-

252 3162 495 3210 cumscripti:
529 3175 622 3212 ergo
641 3175 739 3212 aqua
758 3174 846 3211 quae
864 3174 931 3209 per
949 3161 1152 3199 conoidem
1175 3161 1298 3199 effluit

252 3223 336 3252 tum
364 3215 648 3265 paraboloidem
668 3222 894 3263 occuparet:
929 3222 984 3252 est
1003 3227 1094 3265 ergo
1114 3215 1297 3252 columna

255 3269 292 3306 P
315 3269 356 3313 Q
378 3270 414 3306 R
433 3269 617 3306 columna
635 3270 746 3317 aqua!
756 3268 968 3317 congelatae
983 3281 1069 3318 quae
1080 3268 1128 3306 ad
1141 3281 1296 3316 promp-

251 3322 443 3360 tissimum
464 3335 574 3371 aqum
594 3321 751 3371 reliquae
766 3321 1044 3370 circumpositae
1056 3329 1206 3359 motum
1219 3334 1298 3358 non
1316 3339 1319 3342 >

536 3375 636 3412 Haec
673 3375 722 3412 ad
760 3374 1124 3412 demonstrationem
1166 3373 1313 3412 scholii·

251 3427 417 3478 proximi
446 3427 507 3464 bic
533 3427 773 3466 adnectenda
801 3429 879 3465 visa
906 3435 1019 3475 sunt;
1055 3436 1188 3466 utrum
1208 3428 1300 3465 satis
1328 3472 1331 3475 Ι

1330 3478 1488 3531 ‘quibus
1519 3482 1638 3529 spatia
1665 3481 1728 3518 illa
1757 3480 2030 3517 describuntur.

252 3375 472 3425 requiritur·

252 3481 354 3520 recte
369 3482 636 3519 Newtonianae
649 3481 982 3520 demonstrationis
992 3481 1163 3520 indolem
1178 3481 1300 3518 simus

254 3535 429 3581 assecuti,
451 3534 578 3572 videat
599 3535 646 3571 B.
669 3535 822 3581 Lector,

433 3590 473 3627 Si
491 3590 580 3639 quid
598 3590 734 3626 novisti
751 3587 888 3627 rectius
906 3590 986 3628 istie

310 3645 504 3682 Candidus
519 3643 668 3691 imperti
681 3653 696 3684 ,·
716 3643 749 3680 si
766 3656 857 3688 uon,
879 3644 935 3680 leis
954 3649 1061 3681 utere
1080 3655 1242 3682 mecum.

1411 1367 1474 1421 (¹)
1504 1370 1527 1394 ¹²
1551 1370 1661 1408 Nam
1692 1370 1814 1407 latera
1843 1369 2021 1420 cylindri,
2053 1367 2123 1407 διο.
2185 1368 2268 1406 Hic
2294 1367 2404 1408 enim

1355 1421 1476 1459 latera
1493 1421 1660 1471 cylindri
1678 1434 1758 1460 esse
1776 1421 2017 1470 politissima,
2037 1428 2076 1459 et
2089 1420 2208 1459 medii
2222 1421 2406 1461 tenacita-

1355 1481 1435 1512 tem
1453 1482 1492 1513 et
1509 1475 1730 1513 frictionem
1747 1486 1830 1514 esse
1847 1475 2001 1513 nullam
2020 1474 2264 1523 supponitur.

1410 1549 1500 1585 279.
1535 1546 1712 1584 Lemma.
1754 1548 1853 1584 Vires
1872 1547 2084 1595 uniformes
2106 1554 2195 1585 sunt
2207 1544 2345 1585 directe?
2358 1554 2404 1586 ut

1354 1602 1585 1649 quantitates
1611 1598 1737 1638 motas
1766 1613 1863 1651 quas
1889 1608 2087 1647 generant,
2120 1595 2157 1637 et
2187 1598 2331 1638 inverse
2357 1607 2406 1639 ut

1353 1659 1522 1702 tempora
1550 1655 1686 1703 quibus
1713 1655 1798 1691 illas
1821 1660 2019 1701 generant,
2052 1655 2135 1704 (13.
2160 1659 2199 1689 et
2221 1656 2281 1692 15.
2310 1653 2401 1692 Lib.

1356 1704 1416 1754 1.)
1431 1720 1443 1752 3
1473 1713 1512 1743 et
1529 1706 1620 1755 quia
1636 1704 1767 1743 motus
1785 1706 2015 1756 quantitates
2039 1712 2131 1743 sunt
2148 1712 2193 1742 ut
2209 1718 2345 1743 massae
2363 1712 2403 1744 et

1352 1758 1571 1797 velocitates
1589 1758 1839 1809 conjunctim,
1868 1758 1947 1796 sive
1965 1766 2010 1796 ut
2028 1758 2228 1796 volumina
2248 1766 2287 1796 et
2305 1757 2401 1796 den-

1353 1813 1481 1849 sitates
1499 1819 1538 1849 et
1555 1812 1783 1854 velocitates,
1812 1813 1905 1851 vires
1931 1813 2141 1865 uniformes
2166 1819 2257 1850 sunt
2285 1814 2402 1851 etiam

1353 1866 1396 1903 in
1414 1867 1561 1904 ratione
1589 1862 1791 1914 compositd
1820 1879 1864 1903 ew
1888 1867 2097 1904 rationibus
2118 1867 2269 1903 directis
2295 1867 2401 1904 volu-

1352 1920 1517 1965 minum,
1547 1920 1780 1957 densitatum
1797 1926 1835 1957 et
1853 1921 2092 1957 velocitatum
2111 1925 2147 1956 et
2165 1920 2310 1957 ratione
2336 1921 2400 1957 in-

1352 1969 1460 2011 versd
1478 1980 1686 2022 temporum
1704 1974 1838 2022 quibus
1865 1974 2074 2010 velocitates
2092 1973 2176 2009 illas
2189 1980 2371 2021 generant
2383 1991 2399 2017 ‚-

1351 2024 1521 2076 cumque
1548 2033 1720 2075 tempora
1737 2024 1804 2063 illa
1822 2025 1898 2062 sint
1915 2032 1961 2063 ut
1979 2024 2100 2073 spatia
2126 2024 2315 2074 descripta
2339 2024 2401 2062 di..

1351 2077 1453 2116 recte
1480 2086 1519 2116 et
1544 2078 1762 2116 velocitates
1789 2076 1935 2116 inverse
1965 2080 2046 2130 (31.
2073 2077 2160 2115 Lib.
2187 2077 2271 2127 I.);
2301 2081 2399 2117 vires

1350 2133 1563 2182 unifbrmes
1592 2140 1680 2171 sunt
1705 2146 1852 2183 quoque
1885 2134 1927 2170 in
1951 2134 2103 2170 ratione
2133 2129 2332 2180 compositd
2357 2145 2402 2170 ez·

1351 2188 1560 2224 rationibus
1606 2187 1756 2223 directis
1799 2187 2052 2228 voluminum,
2092 2187 2322 2223 densitatum
2362 2193 2399 2223 et

1351 2242 1633 2289 quadratorum
1651 2241 1852 2278 velocitatis
1870 2246 1906 2276 et
1923 2241 2072 2277 ratione
2090 2236 2240 2277 inversa
2258 2240 2400 2287 spatio-

1350 2306 1444 2330 rum
1474 2294 1759 2341 descriptorum,
1799 2299 1837 2330 et
1867 2292 1958 2341 quia
1986 2291 2205 2329 velocitates
2236 2299 2327 2329 sunt
2352 2298 2399 2329 ut

1352 2346 1477 2394 spatia
1495 2345 1682 2394 descripta
1700 2343 1843 2383 directe
1862 2352 1900 2382 et
1917 2353 2090 2393 tempora
2108 2343 2268 2390 inverse,
2302 2345 2399 2383 vires

1350 2400 1560 2450 uniformes
1588 2406 1680 2437 sunt
1697 2400 1810 2437 etiam
1828 2400 1871 2437 in
1889 2400 2032 2436 ratione
2050 2396 2252 2447 compositci
2270 2411 2313 2435 ex
2330 2412 2399 2435 ra·

1350 2454 1447 2490 tione
1457 2454 1707 2497 voluminum,
1717 2454 1950 2490 densitatum
1962 2459 1994 2490 et
2008 2453 2217 2500 spatiorum
2230 2452 2393 2500 descrip-

1349 2513 1486 2549 torum,
1521 2513 1555 2544 et
1587 2507 1731 2544 ratione
1758 2503 1905 2544 inversa
1933 2501 2128 2554 duplicatd
2159 2511 2390 2553 temporum,

1349 2560 1486 2609 quibus
1506 2561 1628 2609 spatia
1647 2561 1712 2597 illa
1726 2561 2002 2597 describuntur.

1404 2630 1492 2665 280.
1530 2628 1646 2666 Corol.
1692 2626 1890 2670 Quoniam
1909 2624 2171 2676 cylindrorum
2191 2623 2395 2662 volumina

1350 2687 1441 2716 sunt
1455 2687 1498 2717 ut
1517 2692 1651 2717 eorum
1677 2679 1899 2717 altitudines
1926 2686 1965 2717 et
1990 2678 2265 2716 diametrorum
2293 2691 2392 2728 qua-

1350 2731 1459 2770 drata
1477 2733 1737 2783 conjunctim:
1759 2735 1851 2771 vires
1870 2734 2084 2785 uniformes
2099 2733 2233 2782 quibus
2250 2744 2394 2780 urgen-

1350 2792 1416 2824 tur
1443 2788 1617 2837 cylindri,
1648 2794 1738 2825 sunt
1755 2788 1798 2824 in
1815 2788 1960 2825 ratione
1987 2799 2075 2837 quoe
2092 2786 2329 2834 componitur
2352 2798 2396 2823 ea·

1348 2853 1370 2876 r
1412 2841 1560 2879 ionibus
1579 2842 1728 2878 directis
1745 2841 1992 2879 altitudinum
2011 2840 2283 2889 cylindrorum,
2299 2852 2395 2888 q-ua-

1425 2901 1552 2932 torum
1566 2895 1848 2937 diametrorum,
1865 2895 2096 2931 densitatum
2110 2899 2145 2929 et
2157 2894 2394 2930 velocitatum

1351 2962 1374 2985 a
1393 2949 1535 2986 viribus
1560 2949 1632 2985 illis
1655 2948 1885 2996 genitarum,
1916 2953 1952 2984 et
1970 2947 2115 2984 ratione
2133 2942 2279 2983 inversa
2296 2952 2393 2983 tem-

1319 3043 1331 3054 Ι,
1344 3014 1489 3050 porum
1522 3002 1656 3051 quibus
1687 3002 1894 3039 velocitates
1930 3001 2013 3037 illas
2046 3005 2258 3048 generant‚·
2301 3004 2393 3035 sunt

1352 3054 1468 3091 etiam
1496 3053 1538 3090 in
1565 3053 1711 3090 ratione
1738 3065 1825 3102 quae
1854 3050 2098 3101 componitur
2117 3063 2164 3087 ex
2183 3052 2391 3089 rationibus

1351 3109 1501 3145 directis
1525 3109 1787 3150 altitudinum,
1807 3109 2085 3157 quadratorum
2104 3106 2389 3148 diametrorum,

1351 3162 1580 3199 densitatum
1609 3168 1643 3198 et
1676 3162 1952 3210 quadratorum
1980 3159 2233 3202 velocitatum,
2265 3164 2299 3194 et
2326 3170 2393 3194 ra-

1352 3217 1453 3252 tione
1471 3212 1619 3252 inversd
1639 3215 1846 3263 spatiorum
1866 3213 2135 3260 descriptorum
2151 3228 2164 3254 ;
2185 3217 2276 3247 sunt
2294 3222 2392 3259 quo-

1351 3280 1428 3317 que
1446 3267 1543 3304 vires
1560 3266 1696 3303 illae'in
1714 3265 1863 3302 ratione
1881 3261 2093 3312 composita
2119 3277 2163 3301 ex
2188 3264 2392 3302 rationibus

1353 3323 1501 3359 directis
1528 3321 1780 3358 altitudinum
1808 3320 2078 3369 cylindrorum,
2114 3318 2393 3367 quadratorum

1352 3376 1637 3417 diametrorum,
1666 3374 1896 3411 densitatum
1913 3379 1947 3409 et
1966 3372 2170 3420 spatiorum
2191 3371 2391 3418 descripto-

1352 3441 1456 3472 rum,
1494 3434 1529 3465 et
1564 3428 1709 3464 ratione
1741 3424 1894 3464 'inversa
1936 3420 2127 3473 duplicata
2165 3430 2391 3471 temporum,

2090 3476 2170 3514 Ubi
2195 3475 2395 3523 praedicta,

1353 3546 1443 3571 rum
1470 3533 1744 3584 quantitatum,
1780 3544 1828 3569 ex
1855 3532 1997 3582 quibus
2015 3529 2155 3566 virium
2174 3528 2270 3565 ratio
2289 3539 2397 3564 com·

1354 3587 1478 3635 posita
1496 3593 1563 3631 est,
1596 3585 1736 3638 aliquae
1764 3584 1863 3624 datae
1890 3590 1992 3631 sunt,
2020 3582 2067 3621 iis
2085 3581 2219 3621 deletis
2235 3582 2396 3620 habetur

1355 3640 1495 3678 virium
1512 3638 1620 3678 ratio.
