2502 4192
265 295 368 341 282

263 426 453 466 intervalli
473 426 572 464 inter
589 424 795 474 particulas
812 423 942 467 medii,
964 434 1056 460 cum
1074 427 1184 457 motu
1199 431 1304 456 com-

263 480 376 518 muni
394 492 485 517 cum
513 488 657 527 puncto
681 480 716 515 A
740 478 929 520 feruntur,
959 487 1040 512 esse
1067 473 1306 521 ubicumque

263 532 453 578 eamdem,
482 540 520 569 et
546 531 731 581 aequalem
760 528 920 566 dimidio
947 527 1070 576 spatio
1097 528 1146 563 ab
1176 525 1216 562 A
1238 524 1306 561 de-

263 586 404 634 scripto
423 585 571 634 dumrss
592 584 820 621 celeritatem
841 594 881 617 m
900 579 1074 629 acquirit.

320 639 424 677 Nam
452 638 543 675 cum
574 638 611 674 A
639 636 696 673 bis
723 635 763 672 id
799 633 1005 671 dimidium
1042 631 1209 680 spatium
1234 630 1301 668 de·

264 691 452 739 scripserit
470 698 507 727 et
530 689 564 727 B
584 687 702 726 semel
720 688 815 724 dum
834 688 868 724 B
885 696 1131 723 communem
1151 697 1240 721 cum
1257 686 1295 721 A

263 753 414 782 motum
433 742 601 790 suscipit,
630 741 865 778 contrahitur
892 738 1059 787 spatium
1077 738 1178 774 inter
1199 737 1237 774 A
1258 746 1296 775 et

265 798 301 836 B
321 795 483 834 dimidio
492 795 558 831 illo
573 793 718 843 spatio;
744 795 778 830 A
791 791 971 840 processit
984 799 1042 828 ter
1056 790 1122 827 illo
1136 789 1297 827 dimidio

261 849 382 898 spatio
401 857 438 885 et
460 848 492 886 C
512 847 630 884 semel
656 846 751 882 dum
774 847 805 882 C
825 856 1071 882 communem
1091 855 1180 880 cum
1204 843 1239 880 B
1259 854 1297 880 et

263 905 303 940 A
317 909 465 938 motum
485 901 651 948 suscipit,
674 912 765 948 ergo
784 896 1027 935 intervallum
1043 896 1140 932 inter
1158 896 1194 932 A
1209 904 1246 933 et
1267 896 1299 934 C

261 954 381 1003 duplo
400 954 482 1003 ejus
499 952 647 990 dimidii
660 951 768 1000 spatii
785 950 1020 988 diminutum
1037 956 1104 993 est,
1121 948 1186 985 sed
1202 948 1300 985 inter

263 1009 302 1045 A
323 1015 361 1044 et
377 1007 408 1044 C
424 1008 503 1043 duo
521 1014 612 1043 sunt
630 1005 902 1053 particularum
921 1002 1121 1039 intervalla
1141 1001 1175 1037 A
1193 1009 1230 1038 et
1248 1002 1296 1047 B,

262 1061 299 1098 B
319 1066 358 1097 et
379 1060 422 1102 C,
453 1067 491 1096 et
517 1058 684 1106 primum
712 1056 956 1094 intervallum
976 1063 1032 1091 est
1052 1062 1288 1091 contractum

260 1111 421 1150 dimidio
447 1111 514 1149 illo
541 1111 674 1159 spatio,
704 1123 795 1160 ergo
821 1108 1063 1146 intervallum
1084 1108 1182 1144 inter
1204 1108 1238 1144 B
1259 1115 1297 1144 et

263 1167 295 1203 C
311 1165 452 1203 eodem
471 1164 631 1202 dimidio
649 1162 848 1200 intervallo
874 1161 1109 1199 diminutum
1129 1172 1209 1197 esse
1227 1159 1295 1197 de-

257 1220 334 1264 bet,
356 1218 483 1267 sicque
502 1217 548 1254 de
567 1218 722 1254 caeteris.

314 1276 374 1309 16.
410 1270 505 1307 Ideo
524 1269 553 1306 si
576 1269 749 1319 quolibet
773 1275 945 1320 tempore
972 1267 1100 1314 elapso
1119 1274 1295 1303 sumatur

258 1323 321 1361 via
348 1330 429 1361 tota
452 1322 586 1371 puncti
617 1322 670 1366 A,
697 1335 743 1358 ea
769 1322 829 1358 via
856 1320 1011 1370 aequalis
1038 1320 1108 1356 erit
1132 1331 1295 1356 summae

257 1376 561 1414 diminutionum
580 1374 870 1411 intervallorum
899 1374 999 1410 inter
1027 1384 1160 1409 omnes
1178 1372 1294 1420 parti-

257 1429 363 1467 culas
378 1429 425 1466 ad
436 1441 530 1477 quas
542 1427 712 1465 celeritas
726 1440 765 1464 m
782 1427 1065 1463 communicata
1083 1425 1180 1471 fuit3
1202 1423 1294 1462 cum

258 1494 351 1532 ergo
370 1489 499 1518 motus
528 1480 659 1528 puncti
683 1482 720 1517 A
740 1480 788 1517 sit
806 1479 1020 1522 uniformis,
1051 1478 1296 1515 uniformiter

257 1536 373 1572 etiam
392 1534 528 1571 crescit
547 1546 732 1571 numerus
758 1532 1033 1581 particularum
1053 1531 1100 1568 ad
1120 1544 1214 1580 quas
1233 1543 1293 1567 ce-

255 1587 384 1624 leritas
404 1600 442 1623 m
458 1587 789 1631 communicatur;
811 1594 847 1623 et
862 1598 1047 1623 numerus
1061 1597 1192 1621 earum
1207 1597 1293 1631 par-

255 1641 461 1677 ticularum
490 1639 646 1688 aequalis
665 1639 736 1676 erit
754 1641 825 1675 viae
843 1652 865 1674 a
884 1647 1028 1686 puncto
1050 1638 1087 1674 A
1109 1649 1295 1686 percursae

256 1692 388 1730 divisae
407 1705 474 1741 per
490 1692 757 1730 diminutionis
782 1690 971 1730 intervalli
998 1691 1116 1727 unius
1141 1689 1293 1739 quanti-

255 1753 386 1783 tatem.

311 1801 370 1836 17.
406 1798 593 1835 Manente
611 1804 739 1835 autem
754 1795 875 1833 fluido
886 1795 1034 1841 eodem,
1055 1794 1122 1832 sed
1142 1792 1290 1832 mutata

255 1850 448 1888 celeritate
466 1850 598 1899 puncti
624 1851 674 1894 A,
695 1858 867 1898 tempora
883 1849 1023 1899 quibus
1039 1854 1184 1896 puncta
1202 1860 1288 1884 suc-

255 1904 397 1941 cessiva
428 1904 546 1941 medii
572 1903 800 1940 celeritatem
829 1902 911 1952 ejus
939 1901 1073 1950 puncti
1103 1906 1135 1937 A
1170 1900 1289 1936 susci·

253 1956 366 2005 piunt
384 1955 517 1994 eadem
536 1964 663 1993 tamen
690 1962 870 1993 manent:
903 1967 992 1992 nam
1013 1954 1044 1991 si
1061 1954 1102 1990 in
1121 1952 1289 1990 formula

253 2011 646 2079 ¹2----.'3.57a2m

522 2086 540 2109 S
666 2039 744 2091 qua
761 2040 1036 2078 determinatur
1062 2037 1288 2088 quadratum

252 2125 435 2174 temporis
470 2138 560 2175 qu0.
584 2134 773 2173 punctum
815 2128 850 2164 B
886 2124 1019 2174 recipit
1058 2124 1289 2162 celeritatem

253 2179 389 2226 puncti
411 2179 449 2216 A
469 2178 747 2216 substituantur
774 2180 859 2216 loeo
886 2192 925 2214 m
954 2187 992 2215 et
1020 2191 1038 2214 s
1061 2178 1291 2227 quantitates

252 2231 345 2279 ipsis
371 2230 669 2281 aequipollentes‚
700 2232 866 2270 formula
896 2233 979 2268 haec
1007 2230 1072 2268 fiet
1098 2230 1289 2280 quantitas

253 2293 433 2322 constans
464 2286 661 2335 (manente
693 2285 849 2322 elaterio
879 2284 996 2321 medii
1024 2292 1063 2320 et
1090 2283 1289 2320 intervallo

253 2337 546 2385 particularum)
584 2350 838 2387 quaecumque
869 2338 917 2374 sit
948 2336 1125 2374 velocitas
1154 2337 1287 2384 puncti

256 2391 321 2435 A;
342 2390 485 2427 etenim
504 2389 684 2427 dicaturf
699 2391 753 2428 vis
772 2391 924 2428 elastica
941 2390 1070 2435 medii,
1090 2388 1284 2438 quoniam,

254 2455 301 2479 ex
327 2443 527 2491 hypothesi
557 2442 810 2481 Problematis
837 2444 1010 2493 hujusce,
1047 2442 1288 2479 uniformiter

252 2505 559 2545 agere.censetur
576 2503 747 2545 tempore
764 2497 867 2547 quod
887 2495 1112 2545 exprimitur
1127 2507 1193 2543 per
1207 2508 1230 2532 a
1244 2501 1289 2531 ut

252 2547 485 2587 celeritatem
515 2561 534 2585 s
565 2557 733 2600 generet,
767 2551 838 2587 erit
864 2563 882 2587 s
905 2566 962 2585 =
981 2562 1004 2585 a
1030 2549 1052 2585 f
1058 2563 1069 2595 3
1107 2556 1289 2596 praeterea

1085 2605 1177 2639 3.57
1187 2603 1234 2637 a²
1248 2613 1288 2637 m

252 2633 434 2683 quoniam
446 2632 719 2683 particularum
732 2634 975 2675 intervallum
991 2634 1025 2671 B
1035 2634 1071 2670 A

1178 2678 1197 2701 s

250 2765 307 2787 =
329 2755 422 2792 3.57
443 2765 465 2790 a
483 2755 502 2777 ²
527 2720 622 2824 AaB
641 2768 698 2788 =
718 2726 812 2759 3⁶5⁷
822 2721 881 2822 fA
906 2722 942 2758 B
970 2763 1057 2802 quae
1085 2748 1288 2801 quantitas,

549 2863 572 2887 a
590 2850 612 2886 f

252 2909 468 2941 constantes
493 2901 647 2941 tantum
673 2903 843 2940 continet
866 2903 891 2942 a
910 2901 1099 2940 celeritate
1117 2914 1158 2939 m
1176 2901 1284 2940 inde·

250 2956 461 3004 pendentes
472 2970 484 3002 ;
504 2956 605 3000 hinc,
625 2964 778 3004 tempus
795 2969 873 3006 quo
891 2963 1079 3005 punctum
1099 2956 1133 2992 B
1153 2954 1286 2992 celeri-

250 3016 368 3045 tatem
395 3009 528 3056 puncti
551 3009 589 3046 A
614 3009 746 3057 recipit
763 3009 867 3046 idem
887 3018 943 3046 est
959 3020 1212 3058 quaecumque
1239 3007 1288 3045 sit

251 3061 429 3098 velocitas
446 3063 580 3109 puncti
598 3063 635 3099 A
650 3077 661 3108 ;
681 3062 782 3099 idem
795 3061 1115 3099 demonstrabitur
1126 3060 1172 3097 de
1187 3067 1285 3097 tem-

251 3126 344 3162 pore
374 3126 451 3163 quo
480 3123 667 3162 punctum
704 3115 736 3153 C
769 3127 853 3152 eam
880 3114 1111 3151 celeritatem
1137 3113 1283 3161 recipit,

252 3178 343 3203 nam
373 3167 488 3204 habet
516 3170 613 3217 (not.
639 3167 722 3216 13.)
751 3168 937 3205 rationem
970 3173 1206 3204 constantem
1233 3166 1284 3203 ad

251 3226 404 3267 tempus
417 3231 495 3268 quo
508 3228 698 3268 punctum
716 3222 751 3259 Β
764 3233 848 3258 eam
863 3219 1093 3258 celeritatem
1108 3218 1280 3268 acquirit,

251 3278 309 3309 est
327 3283 464 3319 nempe
483 3272 533 3310 ad
549 3273 589 3311 id
607 3280 758 3322 tempus
775 3281 820 3312 ut
838 3278 862 3311 3
881 3272 930 3311 ad
949 3277 986 3319 2,
1013 3280 1052 3310 et
1069 3272 1123 3310 sic
1141 3273 1189 3309 de
1207 3284 1281 3309 cae-

251 3324 342 3363 teris
359 3325 522 3373 punctis.
584 3326 637 3369 Q.
657 3339 690 3364 e.
715 3326 752 3364 d,

309 3381 368 3414 18.
411 3376 700 3416 Diminutiones
726 3378 1013 3418 intervallorum
1032 3378 1131 3416 inter
1157 3384 1282 3427 partes

252 3429 371 3467 medii
398 3429 541 3467 elastici
570 3433 767 3481 (manente
793 3433 928 3470 eodem
954 3430 1093 3480 fluido)
1122 3439 1213 3469 sunt
1238 3438 1284 3469 ut

251 3482 422 3521 celeritas
439 3472 571 3532 pffncti
590 3483 626 3519 A
642 3498 653 3529 ;
672 3496 762 3522 nam
781 3485 947 3534 spatium
966 3487 1001 3522 A
1018 3498 1041 3522 a
1059 3496 1281 3533 pereni-’sum

250 3549 274 3573 a
292 3543 435 3584 puncto
457 3537 493 3573 A
514 3544 683 3583 tempore
697 3550 774 3587 quo
788 3546 889 3576 certa
906 3537 1082 3587 quaedam
1097 3537 1282 3586 particula

251 3588 370 3625 medii
401 3588 544 3628 clastici
576 3588 805 3627 celeritatem
824 3589 864 3627 m‘
882 3590 1016 3639 recipit
1046 3599 1102 3627 est
1133 3603 1283 3639 semper

251 3653 291 3677 m
319 3653 356 3685 x,
392 3643 433 3692 (x
463 3641 687 3691 designante
714 3649 866 3691 tempus
894 3655 972 3692 quo
1002 3643 1069 3679 illa
1096 3644 1283 3691 particula

251 3694 369 3732 medii
396 3694 627 3732 celeritatem
646 3707 686 3731 m
705 3695 877 3744 suscipit)
912 3695 978 3733 sed
1005 3696 1103 3733 illud
1130 3705 1282 3745 tempus

252 3754 308 3783 est
327 3755 505 3784 constans
524 3750 581 3799 (n.
610 3751 666 3786 17.
688 3747 864 3798 hujusce)
884 3761 1138 3798 quaecumque
1157 3749 1205 3786 sit
1222 3762 1284 3787 ce-

252 3797 382 3837 leritas
408 3801 543 3848 puncti
573 3801 625 3846 A,
659 3814 751 3851 crgo
777 3801 942 3850 spatium
965 3802 1002 3838 A
1023 3814 1046 3838 a
1063 3812 1120 3838 est
1136 3814 1287 3851 semper

252 3856 299 3888 ut
315 3852 495 3892 velocitas
508 3865 573 3901 m;
593 3853 659 3891 scd
677 3854 777 3892 illud
795 3854 960 3903 spatium
975 3856 1012 3892 A
1029 3861 1118 3892 aest
1136 3868 1288 3894 summa

788 279 1351 337 PHILOSOPHIAE
1391 279 1842 334 NATURALIS

1952 282 2128 347 [Mor.
2160 283 2400 343 Conpon.

1359 417 1665 456 diminutionum
1685 418 1973 457 intervallorum
1992 420 2091 466 inter
2107 429 2230 469 partes
2241 421 2289 459 ad
2303 435 2399 472 quas

1359 471 1532 508 celeritas
1550 484 1590 507 m
1611 472 1782 520 pervenit
1803 475 1859 524 (n.
1888 473 1982 522 16.)‚
2013 473 2177 524 singulae
2196 483 2323 511 autem
2339 476 2397 512 di-

1358 524 1596 561 minutiones
1623 531 1715 561 sunt
1742 525 1906 574 aequales
1935 528 1991 577 (n.
2019 528 2102 574 15.)
2124 540 2216 577 ergo
2235 528 2397 577 singulae

1359 576 1636 614 diminutiones
1655 585 1746 615 sunt
1765 587 1809 615 ut
1827 577 1927 616 illud
1945 579 2109 627 spatium
2132 581 2169 617 A
2190 593 2225 626 a,
2245 580 2324 618 sive
2352 589 2395 620 ut

1358 629 1587 667 velocitates.
2108 637 2125 647 Χ

1409 687 1468 721 19.
1504 683 1559 720 Et
1577 682 1659 720 vice
1677 682 1796 728 versa,
1818 695 2003 721 numerus
2020 686 2186 733 partium
2202 699 2394 734 compres-

1349 748 1477 772 sarum
1492 749 1579 785 quae
1597 736 1686 773 dato
1697 744 1868 784 tempore
1880 737 2109 775 celeritatem
2128 739 2259 788 puncti
2280 742 2317 777 A
2332 753 2393 777 re-

1350 797 1536 836 ceperunt
1553 797 1610 826 est
1627 802 1777 837 semper
1795 790 1898 826 idem
1917 803 2171 841 quaecumque
2189 792 2237 829 sit
2256 794 2390 841 puncti

1353 842 1391 878 A
1420 841 1621 888 velocitas3
1656 855 1746 879 nam
1779 842 1843 879 ille
1858 855 2044 880 numerus
2070 852 2127 881 est
2153 853 2198 882 ut
2225 847 2393 894 spatium

1356 895 1394 930 A
1411 908 1433 931 a
1451 894 1617 932 divisum
1636 908 1704 944 per
1718 895 1835 933 unius
1848 895 1964 944 partis
1977 895 2285 943 diminutionem,
2306 912 2392 947 spa-

1352 947 1452 983 tium
1475 948 1512 984 A
1535 961 1557 984 a
1574 948 1665 985 dato
1682 956 1853 1000 tempore
1873 956 1929 986 est
1940 956 1984 986 ut
2002 948 2173 987 celeritas
2186 953 2318 999 puncti
2337 953 2388 996 A,

1351 999 1559 1038 diminutio
1576 1001 1692 1038 unius
1710 1001 1827 1050 partis
1846 1009 1903 1039 est
1921 1001 2038 1038 etiam
2057 1011 2103 1039 ut
2125 1016 2169 1039 ca
2188 1004 2360 1041 celeritas
2377 1020 2389 1052 3

1351 1065 1443 1102 ergo
1462 1066 1646 1091 numerus
1664 1054 1831 1102 partium
1850 1067 1937 1104 quae
1956 1054 2046 1092 dato
2065 1063 2236 1103 tempore
2256 1057 2390 1094 celeri-

1349 1113 1465 1143 tatem
1486 1107 1617 1155 puncti
1644 1110 1679 1144 A
1699 1115 1937 1155 receperunt,
1967 1116 2024 1146 est
2051 1116 2097 1145 ut
2121 1109 2294 1146 celeritas
2319 1123 2390 1158 per

1349 1159 1578 1197 celeritatem
1598 1159 1730 1205 divisa,
1761 1161 1833 1197 hoc
1853 1167 1922 1206 est,
1951 1160 1992 1197 iu
2011 1161 2157 1198 ratione
2174 1163 2363 1199 constanti
2374 1178 2387 1210 ;

1350 1212 1467 1258 unde,
1488 1213 1530 1249 in
1549 1212 1705 1249 diversis
1724 1212 1960 1261 temporibus
1979 1226 2165 1251 numerus
2183 1215 2388 1262 particula-

1355 1277 1444 1301 rum
1462 1265 1510 1302 ad
1530 1278 1624 1316 quas
1643 1266 1815 1303 celeritas
1832 1278 1871 1304 m
1891 1267 2118 1314 pervenerit,
2146 1267 2218 1305 erit
2243 1268 2388 1307 directe

1351 1326 1397 1356 ut
1415 1325 1578 1367 tempus.

1403 1376 1465 1408 20.
1501 1370 1619 1416 Quod
1638 1370 1667 1408 si
1688 1371 1884 1420 particulae
1903 1371 1991 1410 data
2004 1371 2197 1411 celeritate
2210 1374 2292 1424 jam
2312 1373 2389 1413 sint

1349 1423 1519 1469 dimotae,
1540 1433 1577 1462 et
1596 1432 1741 1462 certum
1762 1425 1929 1474 gradum
1949 1426 2241 1473 compressionis
2258 1441 2387 1465 susce-

1348 1478 1485 1526 perint‚
1516 1485 1647 1526 postea
1673 1476 1763 1515 vero
1792 1491 1890 1515 nova
1919 1478 2098 1516 velocitas
2115 1479 2280 1517 addatur
2309 1480 2389 1531 (vel

1350 1530 1587 1580 detrahatur)
1608 1540 1754 1579 puncto
1777 1533 1828 1576 A,
1851 1544 1975 1569 novus
1993 1532 2059 1568 ille
2078 1532 2280 1569 celeritatis
2298 1547 2386 1582 gra-

1350 1582 1423 1620 dus
1451 1584 1585 1621 eodem
1615 1592 1785 1631 tempore
1813 1587 1860 1621 ab
1887 1585 1967 1622 una
1995 1583 2184 1632 particula
2203 1585 2250 1622 ad
2272 1586 2387 1623 aliam

1348 1637 1620 1687 propagabitur
1634 1649 1711 1685 quo
1731 1636 1853 1685 prima
1871 1638 2043 1674 celeritas
2070 1647 2278 1688 propagata
2298 1641 2384 1684 fuit,

1349 1690 1409 1740 (in
1434 1688 1634 1738 hypothesi
1661 1689 1765 1738 quod
1793 1697 1872 1727 tarn
1900 1690 2078 1728 velocitas
2096 1703 2136 1727 m
2155 1690 2274 1740 quam
2302 1693 2386 1730 haec

1345 1753 1445 1779 nova
1471 1742 1649 1779 velocitas
1675 1742 1848 1780 addititia
1866 1744 2019 1794 exiguae
2037 1743 2145 1794 sunt)
2168 1744 2284 1795 idque
2310 1746 2385 1783 hoc

1341 1795 1460 1832 modo
1478 1794 1726 1832 demonstrari
1745 1802 1882 1844 potest.

1399 1859 1587 1911 Fingatur
1623 1872 1758 1897 omnes
1788 1860 1994 1910 particulas
2030 1862 2156 1911 prima
2193 1863 2384 1903 celeritate

1342 1920 1465 1950 motas
1483 1920 1521 1950 et
1539 1925 1773 1961 compressas
1791 1914 1834 1950 in
1847 1915 1935 1951 navi
1950 1916 2092 1963 positas
2106 1929 2186 1954 esse
2200 1930 2287 1966 quae
2302 1918 2384 1965 ipsa

1343 1966 1617 2014 particularum
1636 1979 1768 2003 earum
1787 1967 1979 2005 celeritate
1998 1968 2158 2015 feratur,
2178 1969 2231 2007 ita
2251 1979 2294 2006 ut
2307 1971 2384 2007 illae

1342 2019 1540 2067 particulae
1558 2018 1601 2056 in
1619 2018 1665 2056 ea
1685 2032 1779 2057 nave
1793 2020 1999 2068 respective
2017 2022 2224 2071 quiescant,
2245 2036 2383 2073 urgea-

1344 2076 1408 2109 tu'r
1426 2071 1516 2109 vero
1534 2073 1658 2120 prima
1676 2085 1763 2120 pars
1777 2086 1845 2121 per
1862 2085 2061 2112 excessum
2080 2087 2190 2113 novae
2209 2076 2382 2114 celerita-

1344 2124 1392 2162 tis
1410 2138 1524 2173 super
1541 2125 1717 2174 primam,
1747 2126 2046 2165 communicatio
2072 2128 2182 2165 istius
2208 2142 2383 2167 excessus

1343 2178 1546 2216 celeritatis
1563 2178 1613 2215 ad
1631 2190 1764 2216 omnes
1782 2187 1907 2227 partes
1927 2180 1966 2216 in
1986 2193 2081 2218 nave
2099 2182 2239 2230 positas
2266 2192 2311 2220 ut
2340 2191 2380 2221 et

1343 2244 1443 2269 nova
1462 2231 1692 2280 compressio
1710 2232 1986 2280 particularum
2001 2233 2318 2272 determinabitur
2336 2245 2382 2274 ut

1342 2284 1383 2320 in
1415 2284 1643 2332 praecedenti
1676 2285 1933 2331 Problemate‚
1972 2287 2134 2325 mutatis
2172 2288 2375 2336 celeritate,

1342 2337 1542 2375 intervallo
1556 2337 1830 2385 particularum
1845 2339 1974 2384 medii,
1990 2348 2029 2378 et
2042 2340 2126 2390 ejus
2137 2341 2380 2390 elasticitate3

1341 2390 1373 2427 si
1392 2403 1484 2441 ergo
1502 2391 1625 2438 prima
1644 2390 1815 2429 celeritas
1834 2392 1952 2430 fuerit
1970 2400 2014 2430 ut
2032 2394 2190 2442 priusm
2206 2409 2217 2440 ;
2239 2408 2262 2431 a
2280 2403 2380 2432 tem-

1339 2456 1413 2491 pus
1439 2456 1516 2493 quo
1542 2443 1785 2481 intervallum
1805 2445 2079 2493 particularum
2100 2447 2138 2484 A
2164 2447 2198 2485 B
2219 2447 2263 2484 ea
2281 2450 2380 2487 cele-

1340 2497 1451 2534 ritate
1479 2499 1780 2545 percurrebatur‚
1810 2495 1976 2547 ideoque
2003 2499 2052 2537 sit
2082 2500 2120 2537 A
2150 2500 2185 2537 B
2204 2515 2261 2536 =
2282 2514 2322 2537 m
2341 2516 2376 2548 a,

1341 2549 1389 2587 sit
1408 2558 1452 2587 ut
1470 2550 1575 2598 prius
1593 2562 1611 2586 s
1630 2550 1806 2587 velocitas
1832 2551 1962 2600 genita
1979 2559 2151 2601 tempore
2171 2566 2194 2590 a
2212 2566 2280 2601 per
2300 2555 2379 2592 vim

1341 2603 1534 2640 elasticam
1560 2601 1678 2639 medii
1697 2603 1738 2639 in
1757 2611 1856 2640 statu
1885 2604 2050 2643 naturali
2081 2606 2312 2644 considerati
2340 2616 2379 2646 et

1341 2655 1583 2693 uniformiter
1610 2655 1770 2705 agentis,
1800 2656 2000 2694 inventum
2020 2666 2077 2695 est
2094 2659 2197 2708 quod
2225 2666 2379 2708 tempus

1341 2721 1420 2759 quo
1447 2716 1634 2757 punctum
1659 2709 1693 2746 B
1713 2708 1943 2747 celeritatem
1961 2723 2002 2746 m
2020 2711 2271 2762 acquisiverat
2299 2722 2378 2752 erat

1472 2764 1564 2799 3.57
1584 2774 1625 2798 m
1913 2793 1927 2804 .
2035 2795 2044 2803 .
2234 2795 2244 2804 .

1342 2807 1366 2831 a
1394 2797 1446 2845 γ
1649 2794 1706 2845 (n.
1734 2792 1809 2844 10.)
1825 2805 1930 2844 quou
1950 2802 2116 2844 Spanum
2138 2796 2176 2834 A
2192 2809 2215 2834 a
2232 2805 2379 2836 interea

2151 2886 2245 2922 53.57
2267 2897 2308 2921 m

1541 2840 1560 2865 s

1339 2927 1363 2953 a
1381 2920 1527 2963 puncto
1550 2914 1586 2951 A
1606 2911 1839 2962 descriptum
1858 2921 1937 2952 erat
1963 2927 2003 2953 m
2022 2927 2046 2953 a
2073 2916 2126 2967 4!
2148 2939 2199 2945 —
2220 2963 2239 2987 s

2054 3004 2147 3038 3.57
2167 3014 2208 3038 m
2253 3034 2263 3042 ,

2209 3062 2221 3081 ,
2251 3041 2304 3073 ita
2330 3041 2376 3073 ut

2338 2926 2377 2956 et

1341 3032 1506 3082 spatium
1538 3032 1573 3070 Β
1600 3033 1626 3069 b
1643 3026 1733 3070 verat
1752 3035 1848 3070 ‚428
1874 3043 1916 3069 m
1934 3045 1957 3071 a
1976 3034 2030 3083 4!

1341 3116 1568 3165 compressio
1581 3115 1857 3163 particularum
1870 3117 1919 3155 sit
1933 3117 1970 3156 A
1983 3130 2006 3155 a
2016 3139 2070 3149 --
2082 3080 2234 3157 Βῗὶτε.
2241 3121 2318 3156 572
2334 3122 2376 3163 ><

1518 3174 1609 3206 3.57
1631 3181 1673 3205 m
1716 3200 1725 3208 .
1784 3198 1798 3212 ,
2055 3203 2066 3211 .
2320 3201 2329 3210 .

1339 3212 1380 3236 m
1398 3212 1421 3237 a
1442 3204 1494 3251 μ
1514 3222 1684 3271 -s—-,
1712 3200 1878 3251 ideoque
1891 3213 2036 3239 novum
2054 3202 2298 3241 mtervallum
2319 3214 2379 3238 m-

1338 3291 1394 3324 ter
1405 3287 1609 3335 particulas
1619 3287 1659 3324 in
1672 3298 1767 3324 nave
1778 3285 1919 3335 positas
1930 3288 2002 3326 erit
2012 3300 2051 3324 m
2063 3290 2154 3340 ax(
2166 3291 2373 3334 1-—.5'72><

1339 3373 1392 3422 V
1416 3345 1511 3379 3.57
1530 3352 1568 3376 m

1483 3417 1503 3441 s
1539 3440 1544 3441 a

1337 3455 1531 3495 elasticam
1556 3468 1697 3494 novam
1723 3457 1873 3496 inverse
1899 3464 1944 3495 ut
1971 3458 2138 3507 partium
2159 3457 2372 3504 intervalla,

1336 3541 1414 3581 sive
1439 3548 1485 3580 ut
1509 3554 1551 3578 m
1568 3555 1592 3580 a
1610 3548 1654 3590 ><
1679 3545 1719 3594 (1
1740 3565 1795 3573 —
1812 3545 1908 3581 ‚572
1929 3544 1981 3592 ql
2004 3514 2097 3550 3⁹57
2117 3523 2186 3602 m)
2207 3541 2256 3579 ad
2275 3554 2313 3579 m
2334 3557 2370 3589 a,

2072 3586 2091 3610 s

1335 3662 1414 3701 sive
1434 3669 1477 3700 ut
1501 3667 1516 3701 t
1538 3683 1592 3694 —
1610 3665 1705 3700 ‚572
1735 3663 1786 3711 Μ
1810 3631 1904 3731 3⁰⁵}
1924 3641 1965 3664 m
1989 3660 2038 3699 ad
2061 3666 2093 3699 1.

1339 3759 1467 3785 cessus
1486 3760 1597 3784 novae
1616 3746 1828 3784 velocitatis
1845 3758 1961 3795 super
1979 3745 2142 3794 priorem
2163 3746 2311 3784 dicatur
2329 3758 2368 3789 n,

1340 3809 1493 3849 tempus
1519 3812 1596 3850 quo
1624 3812 1777 3837 novum›
1797 3799 2038 3837 intervallum
2076 3798 2174 3836 inter
2204 3799 2370 3848 particu-

1340 3851 1397 3892 las
1423 3853 1700 3893 describeretur
1731 3864 1806 3901 per
1829 3854 1930 3891 hanc
1962 3851 2193 3891 celeritatem
2225 3865 2265 3898 n,
2302 3852 2370 3889 erit

1575 3354 1601 3431 >
1617 3387 1626 3416 ς
1647 3378 1704 3410 est
1721 3379 1851 3409 autem
1866 3368 1922 3408 vis
1939 3371 2092 3412 elastica
2108 3374 2212 3423 prior
2229 3372 2278 3411 ad
2296 3372 2375 3410 vim

2149 3661 2217 3708 Et,
2246 3661 2278 3699 si
2305 3673 2370 3700 ex-
