2502 4192
277 257 381 302 258
821 253 1387 309 PHILOSOPHIAE
1429 255 1881 310 NATURALIS
1976 256 2437 322 [Morr.Co1z1›on.

276 393 594 463 singularum
625 406 797 464 partes
834 396 1114 459 altissimae,
1155 395 1374 447 vallibus
1400 396 1616 447 totidem
1641 396 1959 462 intermediis
1985 399 2052 450 ab
2075 399 2296 451 invicem
2323 404 2428 452 (fis-

274 485 464 536 tinctae.
542 487 710 556 Igitur
748 487 992 557 quoniam
1030 506 1163 557 aqua
1196 488 1251 538 in
1285 486 1545 538 undarum
1568 488 1709 558 jugis
1736 487 1887 539 altior
1913 501 1991 541 est
2017 510 2173 560 quam
2198 491 2253 541 in
2278 492 2430 543 fluidi

271 576 505 643 partibus
533 577 756 627 immotis
786 576 833 627 L
864 576 933 639 Κ,
965 577 1018 627 N
1046 576 1113 638 Ο,
1154 576 1347 627 defluet
1372 568 1553 626 eadem
1579 576 1644 626 de
1662 577 1912 647 jugorum
1938 579 2168 630 terminis
2197 599 2241 641 e,
2263 600 2315 650 g,
2338 580 2371 642 i,
2390 580 2426 642 l,

271 666 366 716 &c.
395 665 445 728 d,
474 666 507 727 f,
540 666 589 728 h,
618 666 669 727 k,
699 667 792 717 δίο.
822 665 948 716 hinc
974 666 1095 716 inde
1129 684 1307 716 versus
1347 665 1399 716 K
1426 665 1474 715 L
1502 675 1552 715 et
1581 665 1633 715 N
1663 665 1743 715 O:
1792 675 1843 716 et
1881 667 2125 734 quoniam
2159 668 2223 736 (b)
2250 669 2305 725 in
2333 687 2426 719 un-

270 753 455 804 darum
481 754 697 805 vallibus
724 755 1019 823 depressior
1046 765 1123 805 est
1148 773 1304 823 quam
1328 754 1383 804 in
1407 754 1554 804 fluidi
1579 754 1813 822 partibus
1842 755 2065 807 immotis
2100 757 2152 808 K
2172 758 2236 819 L,
2271 758 2323 809 N
2343 758 2418 819 03

268 845 459 896 defluet
509 845 690 897 eadem
731 845 796 897 de
835 831 1069 915 partibus
1110 845 1210 896 illis
1260 845 1484 895 immotis
1525 846 1579 895 in
1630 845 1888 896 undarum
1937 846 2111 897 valles.
2186 848 2422 899 Defluxu

263 935 437 1003 priore
463 936 721 987 undarum
741 937 886 1007 juga,
923 924 1211 1005 posteriore
1245 935 1402 987 valles
1429 935 1553 986 hinc
1579 935 1700 986 inde
1739 935 2021 986 dilatantur
2047 945 2099 987 et
2122 955 2418 1010 propagan-

262 1036 347 1075 tur
374 1045 550 1078 versus
582 1028 635 1078 K
663 1027 711 1078 L
738 1037 790 1078 et
816 1027 870 1078 N
898 1027 965 1079 O.
1044 1028 1114 1078 Et
1140 1028 1384 1096 quoniam
1409 1037 1582 1078 motus
1620 1028 1879 1079 undarum
1915 1028 1980 1078 ab
2008 1029 2060 1080 A
2086 1048 2261 1081 versus
2290 1031 2335 1083 P
2362 1032 2416 1092 Q

260 1115 320 1165 fit
345 1134 442 1182 per
469 1116 775 1167 continuum
803 1116 1069 1167 defluxum
1087 1117 1338 1186 jugorum
1363 1116 1418 1166 in
1444 1116 1601 1167 valles
1621 1117 1904 1185 proximOS,
1946 1117 2167 1187 idebque
2196 1119 2254 1188 (⁰)
2282 1120 2414 1173 cele-

257 1206 364 1256 rior
390 1224 493 1256 non
522 1216 598 1257 est
625 1205 779 1275 quam
803 1226 902 1276 pro
937 1207 1197 1259 celeritate
1228 1208 1535 1269 descensus3
1573 1217 1625 1259 et
1659 1208 2112 1280 descensus-aquae
2139 1211 2260 1262 hinc
2285 1212 2410 1263 inde

256 1316 432 1348 versus
463 1296 515 1347 K
543 1296 591 1346 L
618 1306 669 1347 et
698 1297 750 1347 N
782 1296 833 1348 O
860 1296 1043 1347 eadem
1071 1297 1341 1348 velocitate
1367 1297 1547 1367 peragi
1573 1297 1755 1359 debet3
1783 1299 2155 1369 propagabitur
2180 1300 2410 1354 dilatatio
2442 1303 2445 1304 ⁷

256 1388 512 1438 undarum
540 1386 661 1437 hinc
687 1387 809 1438 inde
835 1407 1014 1439 versus
1054 1388 1105 1439 K
1134 1389 1181 1439 L
1209 1399 1261 1439 et
1287 1389 1340 1439 N
1370 1388 1421 1440 O
1446 1388 1628 1439 eadem
1664 1390 1935 1441 velocitate
1963 1391 2062 1461 qua
2091 1392 2247 1443 undae
2281 1393 2408 1461 ipsae

253 1479 317 1529 ab
345 1479 396 1528 A
415 1497 591 1529 versus
624 1479 667 1529 P
695 1478 749 1539 Q
775 1478 915 1530 recta
945 1479 1368 1550 progrediuntur.
1449 1479 1783 1550 Proindeque
1822 1482 2045 1550 spatium
2081 1492 2248 1533 totum
2285 1483 2407 1535 hinc

249 1571 370 1625 inde
399 1591 574 1623 versus
604 1572 656 1622 K
686 1573 733 1623 L
760 1583 811 1623 et
838 1573 888 1623 N
920 1572 971 1623 O
998 1573 1063 1623 ab
1094 1572 1243 1623 undis
1270 1572 1495 1623 dilatatis
1522 1591 1548 1621 r
1573 1572 1652 1642 fg
1678 1591 1719 1634 r,
1749 1591 1771 1622 s
1798 1572 1834 1622 h
1861 1574 1879 1622 i
1907 1593 1947 1635 s,
1976 1583 1998 1624 t
2017 1573 2053 1624 k
2077 1574 2095 1624 l
2121 1584 2157 1636 t,
2180 1593 2211 1625 v
2228 1593 2281 1624 m
2298 1594 2331 1624 n
2352 1595 2401 1638 v,

249 1664 342 1714 &a
372 1662 723 1732 occupabitur.
784 1664 853 1725 Q.
883 1682 925 1715 e.
954 1663 1003 1713 d.
1084 1663 1223 1714 Haec
1249 1663 1320 1714 ita
1346 1682 1398 1714 se
1424 1663 1618 1713 habere
1648 1661 1864 1732 quilibet
1890 1665 1944 1715 in
1971 1665 2102 1734 aqua
2130 1676 2403 1736 stagnante

249 1753 480 1819 experiri
508 1762 695 1820 potest.

248 1909 254 1914 ἡ
322 1844 434 1894 Cas.
464 1849 512 1893 2.
568 1843 831 1893 Ponamus
858 1844 969 1911 jam
1007 1843 1146 1912 quod
1185 1844 1220 1894 d
1247 1862 1291 1905 e,
1320 1842 1415 1914 fg,
1447 1843 1479 1893 h
1507 1843 1539 1906 i,
1566 1843 1602 1893 k
1627 1844 1660 1905 l,
1690 1863 1742 1893 m
1767 1862 1802 1894 n
1842 1844 2116 1915 designent
2149 1846 2332 1914 pulsus
2369 1867 2400 1898 a

243 1942 438 2000 puncto
467 1933 517 1983 A
543 1951 638 2001 per
662 1932 893 1983 medinm
915 1932 1187 1984 clasticum
1213 1933 1499 1984 successive
1537 1943 1872 2003 propagatos.
1898 1936 1905 1943 '
1974 1933 1994 1961 ‘¹
2049 1934 2235 1985 Pulsus
2270 1954 2394 2003 pro-

300 2074 356 2125 (b)
381 2077 400 2098 '³
423 2077 476 2112 In
494 2077 695 2114 undarum
715 2077 871 2114 vallibus
899 2077 1105 2125 depressior
1123 2083 1186 2118 est,
1218 2075 1286 2112 ἃς.

249 2127 366 2177 Aqua
391 2127 495 2164 enim
515 2130 562 2165 ab
581 2128 780 2166 altioribus
807 2128 1003 2166 undarum
1030 2129 1202 2176 partibus
1229 2141 1293 2165 ca-

244 2180 372 2219 dendo
391 2181 623 2218 celeritatem
642 2182 816 2231 acquirit,
846 2181 924 2233 qua
942 2181 1044 2219 infra
1062 2181 1293 2233 quiescentis

243 2247 354 2284 aquae
372 2234 615 2282 superficiem
635 2234 845 2273 descendit.

298 2286 353 2339 (ε)
377 2290 398 2311 '²‘
424 2290 585 2326 Celerior
603 2302 683 2327 non
701 2296 753 2326 esc
781 2288 898 2339 qudm
919 2303 991 2338 pro
1012 2291 1198 2327 celeritate
1226 2291 1291 2326 de-

241 2339 392 2379 scensas
411 2343 458 2378 ab
473 2339 610 2378 eadem
625 2341 818 2379 undarum
833 2342 1051 2387 altitudine,
1072 2340 1178 2380 unde
1191 2354 1291 2392 aqua

239 2393 281 2430 in
299 2394 432 2444 plagas
456 2394 489 2431 P
512 2395 565 2440 Q,
590 2394 632 2431 K
653 2395 702 2441 L,
725 2396 767 2432 N
789 2396 827 2433 O
847 2394 958 2446 aeque
977 2394 1126 2433 defluit.

295 2453 385 2487 293.
431 2448 494 2485 Ex
514 2447 784 2486 demonstratis
807 2449 849 2485 in
876 2449 950 2486 hoc
978 2461 1079 2493 casu,
1108 2461 1192 2485 mo-

241 2508 304 2538 tus
323 2501 440 2538 undae
457 2501 498 2537 in
517 2501 763 2547 obstaculum
781 2502 942 2551 planum
964 2502 1194 2539 incurrentis

239 2553 390 2591 definiri
410 2562 544 2602 potest.
607 2554 818 2593 Undarum
846 2562 975 2593 motus
994 2555 1121 2592 eloco
1152 2557 1190 2592 A

238 2607 346 2657 quasi
371 2616 502 2645 centro
520 2616 765 2658 propagetur.
827 2609 1008 2647 Incurrat
1025 2608 1131 2646 unda
1150 2608 1191 2645 in

238 2660 425 2698 obstaculi
444 2661 595 2698 immoti
619 2662 653 2699 B
678 2662 710 2700 C
730 2669 919 2710 punctum
945 2662 989 2706 F,
1010 2675 1102 2700 cum
1126 2675 1191 2698 ve-

238 2713 392 2751 locitate
411 2722 448 2751 et
467 2714 676 2752 directione
699 2716 737 2752 A
761 2715 806 2753 F.
868 2713 1003 2753 Ducta
1021 2728 1067 2752 ex
1092 2717 1128 2752 A
1150 2715 1191 2751 in

240 2767 276 2804 B
300 2768 331 2805 C
352 2767 661 2816 perpendiculari
685 2769 722 2805 A
745 2769 796 2813 E,
817 2769 1087 2818 completoque
1106 2781 1188 2805 rec-

236 2822 398 2870 tangulo
422 2824 458 2857 A
483 2821 519 2858 E
544 2822 577 2858 F
599 2821 653 2865 K,
684 2822 895 2859 resolvatur
922 2830 1052 2859 motus
1081 2823 1116 2858 A
1145 2822 1187 2866 F,

236 2872 276 2908 in
297 2875 395 2911 duos
419 2873 514 2912 alios
540 2883 668 2911 motus
699 2878 736 2912 A
761 2875 810 2918 E,
845 2876 880 2911 A
906 2874 960 2920 K,
993 2888 1059 2912 seu
1088 2873 1189 2912 facta
1226 2893 1289 2940 Α

241 2925 273 2962 F
296 2928 328 2964 C
347 2927 487 2977 aequali
512 2928 546 2964 A
573 2927 626 2973 K,
657 2928 696 2964 in
717 2936 847 2965 motus
868 2928 909 2965 K.
933 2928 977 2974 F,
1010 2928 1041 2965 F
1065 2929 1120 2975 C;
1151 2936 1189 2965 et

237 2980 328 3027 quia
355 2980 555 3028 particulae
581 2994 692 3030 aquae
711 2989 822 3018 motu
845 2981 878 3019 F
901 2982 932 3019 C
953 2982 993 3018 in
1013 2983 1189 3019 obstacu-

238 3032 321 3069 lum
343 3046 420 3070 non
441 3042 576 3084 agunt,
606 3043 693 3082 post
710 3034 922 3082 impactum
944 3043 1105 3085 pergent
1123 3034 1186 3072 ea-

236 3085 324 3121 dem
344 3086 420 3135 qua
443 3086 531 3124 ante
551 3088 763 3135 impactum
783 3088 983 3125 velocitate
996 3086 1047 3125 'ac
1066 3088 1188 3126 direc-

236 3139 339 3175 tione
364 3139 395 3176 F
418 3140 449 3177 C
470 3140 627 3177 moveri.
691 3141 747 3178 At
775 3148 885 3178 motu
917 3141 959 3178 K
983 3141 1028 3186 F,
1059 3141 1099 3178 in
1119 3143 1185 3178 ob-

236 3192 428 3230 staculum
457 3192 599 3230 directe
626 3194 867 3231 incurrentes
894 3201 1047 3231 motum
1075 3194 1186 3231 illum

234 3257 402 3290 omnem,
432 3245 548 3295 juxta
581 3246 687 3296 leges
718 3246 919 3285 conflictus
954 3260 1159 3296 corporum
1196 3259 1275 3284 non

234 3298 490 3343 clasticorum,
522 3300 710 3338 amittent.
773 3299 876 3338 Cum
903 3309 1035 3338 autem
1054 3313 1163 3351 aqua
1180 3300 1221 3337 in
1245 3300 1278 3338 F

232 3353 280 3388 ab
299 3351 373 3388 alia
392 3351 618 3402 insequenoe
637 3361 833 3403 urgeatur,
865 3361 903 3391 et
921 3354 1162 3391 obstaculum
1193 3357 1279 3404 (per

234 3404 369 3453 Hyp.)
399 3404 533 3442 cedere
561 3411 738 3456 nequeat,
769 3406 980 3445 elevabitur
1007 3407 1074 3444 illa
1091 3407 1131 3443 in
1155 3406 1211 3454 F;
1242 3415 1280 3444 et

230 3456 371 3495 deinde
391 3457 425 3493 vi
446 3458 626 3506 ponderis
651 3460 724 3503 sui,
755 3459 795 3496 id
814 3469 883 3505 est,
914 3460 947 3496 vi
970 3460 1106 3510 aequali
1127 3460 1183 3497 illi
1202 3459 1281 3510 qua

229 3523 297 3557 per
311 3511 497 3548 obstaculi
513 3512 797 3561 longitudinem
813 3513 959 3551 elevata
970 3513 1060 3559 fuit,
1074 3513 1280 3551 descendet

227 3564 267 3599 in
288 3564 442 3613 plagam
466 3564 499 3601 F
521 3563 575 3607 K,
597 3563 811 3616 eademque
830 3566 990 3615 proinde
1009 3567 1207 3604 velocitate
1225 3578 1271 3603 ac

226 3616 435 3655 directione
454 3619 502 3655 ab
520 3618 718 3655 obstaculo
745 3619 897 3656 recedet
914 3619 990 3669 qua
1009 3619 1059 3656 ad
1083 3619 1181 3656 illud
1209 3631 1270 3657 ac⁴

225 3678 399 3707 cesserat.
463 3671 525 3708 Ex
544 3672 617 3709 hoc
636 3680 744 3708 motu
770 3672 801 3708 F
822 3672 874 3714 K.
897 3681 935 3710 et
953 3685 999 3709 ex
1020 3673 1097 3709 alio
1120 3673 1154 3710 F
1178 3673 1209 3711 C
1229 3672 1271 3709 in

224 3722 326 3772 aqua
345 3724 498 3761 residuo
518 3733 771 3773 componetur
800 3733 930 3763 motus
961 3725 993 3762 F
1017 3726 1065 3770 G,
1096 3738 1163 3774 per
1190 3725 1272 3762 dia-

223 3776 404 3824 gonalem
432 3777 783 3828 parallelogrammi
805 3777 845 3814 K
870 3778 901 3815 F
925 3779 957 3817 C
985 3779 1022 3816 G
1037 3793 1048 3824 3
1077 3778 1184 3816 unda
1200 3778 1274 3829 igi-

223 3836 286 3865 tur
304 3843 326 3867 a
344 3838 490 3879 puncto
509 3831 542 3869 F
560 3830 768 3869 reflectitur
787 3831 1001 3871 secundum
1023 3830 1275 3870 directionem

1242 3135 1287 3180 G

1235 3014 1293 3055 K

1350 2075 1383 2111 F
1405 2075 1455 2119 G,
1477 2081 1514 2111 et
1532 2086 1623 2111 cum
1644 2073 1778 2111 eadem
1799 2075 2002 2113 velocitate
2030 2075 2107 2125 qua
2134 2089 2203 2125 per
2234 2077 2268 2114 A
2294 2078 2328 2115 F
2354 2078 2396 2115 in

1346 2127 1591 2165 obstaculum
1618 2128 1793 2173 incurrit,
1823 2136 1861 2166 et
1886 2129 1974 2178 qua,
2005 2129 2156 2167 sublato
2182 2131 2392 2178 obstaculo,

1345 2188 1497 2218 motum
1525 2193 1593 2228 per
1625 2180 1658 2218 F
1678 2194 1717 2231 g,
1747 2193 1815 2218 seu
1834 2194 1902 2230 per
1924 2183 1960 2219 A
1988 2182 2021 2219 F
2047 2182 2273 2231 productam
2300 2197 2394 2221 con-

1344 2234 1543 2278 tinuasset,
1588 2242 1723 2283 estque
1755 2235 1925 2285 angulus
1961 2234 2176 2273 reflexionis
2216 2237 2253 2274 G
2290 2237 2323 2275 F
2358 2238 2391 2276 C

1345 2287 1502 2337 aequalis
1520 2287 1666 2337 angulo
1686 2287 1905 2326 incidentiae
1928 2289 1964 2325 A
1985 2289 2017 2326 F
2037 2289 2088 2326 E.
2150 2289 2393 2328 Producatur

1337 2341 1421 2390 jam
1440 2340 1543 2377 linea
1564 2341 1601 2378 G
1625 2341 1657 2378 F
1675 2347 1720 2377 ut
1739 2341 2013 2390 perpendiculo
2045 2342 2083 2379 A
2105 2342 2142 2379 Ε
2170 2343 2286 2380 etiam
2304 2356 2390 2392 pro-

1345 2394 1461 2432 ducto
1480 2401 1656 2431 occurrat
1682 2394 1723 2431 in
1754 2395 1799 2431 H
1812 2409 1824 2441 ;
1853 2402 1892 2433 et
1909 2394 2000 2446 quia
2027 2395 2196 2446 angulus
2226 2396 2263 2433 E
2288 2396 2321 2434 F
2342 2397 2387 2435 H

1330 3247 1436 3285 =C
1459 3245 1677 3284 FG=E
1702 3245 1735 3282 F
1757 3245 1809 3290 A,
1830 3243 1959 3282 eritE
1983 3241 2376 3281 H=AEetFH

1330 3317 1387 3336 =
1412 3302 1449 3337 A
1474 3299 1507 3337 F
1524 3315 1580 3335 =
1606 3298 1637 3336 F
1669 3299 1720 3342 G,
1756 3306 1795 3335 et
1824 3295 1913 3335 ideo
1944 3310 2045 3347 aqua
2074 3295 2214 3333 reflexa
2240 3295 2377 3332 eodem

1333 3352 1450 3390 modo
1479 3352 1696 3390 movebitur
1723 3363 1792 3400 per
1823 3350 1855 3387 F
1879 3351 1930 3396 G,
1961 3363 2006 3387 ac
2023 3350 2057 3387 si
2076 3348 2122 3387 ex
2141 3354 2286 3398 puncto
2316 3347 2374 3393 H,

1332 3406 1441 3456 quasi
1466 3419 1513 3444 ex
1541 3413 1672 3443 centro
1699 3403 1895 3441 undarum
1920 3411 2051 3441 motus
2074 3407 2374 3451 propagaretur3

1333 3459 1501 3508 cumque
1537 3457 1813 3496 demonstratio
1849 3457 1932 3494 haec
1968 3455 2147 3494 omnibus
2187 3452 2375 3492 obstaculi

1334 3512 1440 3561 plani
1477 3512 1512 3550 B
1546 3512 1577 3549 C
1614 3511 1768 3559 punctis
1803 3516 2005 3560 congruat,
2043 3507 2290 3545 manifestum
2317 3512 2375 3543 est

1325 3566 1450 3603 undas
1477 3564 1635 3602 reflexas
1662 3563 1823 3601 eandem
1854 3562 2096 3600 velocitatem
2129 3559 2372 3608 eandemque

1327 3618 1494 3669 figuram
1516 3615 1611 3655 citra
1629 3616 1871 3654 obstaculum
1892 3616 2076 3658 obtinere,
2097 3626 2204 3664 quaS,
2221 3611 2373 3650 sublato

1326 3671 1535 3716 obstaculo,
1557 3669 1660 3707 ultra
1678 3670 1820 3707 lineam
1847 3669 1880 3706 B
1904 3668 1935 3706 C
1954 3666 2187 3707 habuissent.

1382 3723 1436 3776 (⁶)
1460 3727 1480 3748 *
1504 3728 1593 3763 294.
1629 3724 1770 3762 Pulsus
1784 3722 1990 3771 propagari
2011 3723 2164 3769 concipe
2187 3732 2257 3769 per
2284 3731 2371 3756 suc-

1329 3781 1485 3817 cessivas
1505 3777 1814 3816 condensationes
1833 3781 1868 3812 et
1886 3774 2154 3826 rarffactiones
2167 3773 2297 3816 medii,
2318 3767 2372 3807 ita

1329 3839 1375 3869 ut
1398 3830 1573 3879 primum
1600 3837 1726 3879 partes
1754 3825 1871 3864 medii
1885 3837 1907 3863 e
1919 3832 2066 3874 puncto
2084 3824 2122 3861 A
2135 3833 2371 3873 quaquaver-
