2502 4192
263 271 367 316 300
799 251 1362 313 PHILOSOPHIAE
1402 249 1855 303 NATURALIS
1949 248 2404 314 [Moruconpon.

261 403 560 466 rentiarum,
591 403 651 471 (θ)
670 400 770 451 hoc
795 408 887 461 est,
915 406 1087 449 motus
1106 393 1202 446 toti
1221 390 1512 463 angulareS,
1534 397 1594 441 ut
1617 388 1991 457 respondentes
2012 407 2228 439 summae
2248 389 2407 441 linea-

255 512 374 544 rum
402 494 453 545 A
479 513 525 557 a,
558 494 604 545 B
631 493 681 555 b,
714 491 759 542 C
786 508 830 552 e,
860 489 915 541 D
937 488 987 551 d,
1019 485 1066 538 E
1082 505 1127 548 e,
1154 484 1210 535 id
1235 491 1329 545 est,
1357 481 1401 533 si
1420 480 1488 532 ad
1514 478 1933 531 constituendum
1957 479 2186 530 medium
2211 480 2407 531 unifor-

255 583 408 633 miter
449 582 683 644 fluidum,
735 578 942 630 orbium
989 593 1237 627 numerus

258 683 509 741 augeatur
545 680 597 721 et
632 667 857 720 latitudo
884 665 1147 716 minuatur
1183 662 1238 713 in

255 762 533 823 infinitum,
558 770 614 811 ut
633 777 767 810 areae
786 755 1137 828 hyperbolicae
1155 753 1237 804 his

257 855 467 907 summis
508 853 742 921 analogae
782 852 833 901 A
860 869 890 900 a
918 849 988 910 Q,
1031 848 1077 900 B
1103 847 1138 899 b
1168 846 1238 908 Q,

259 945 454 1007 CcQ,
492 944 609 996 Dd
648 944 717 1005 Q,
761 942 958 1003 EeQ,
1005 942 1099 992 διο.
1174 939 1245 990 Et

258 1033 312 1103 (f)
352 1044 587 1101 tempora
634 1031 861 1082 motibus
911 1028 1245 1100 angularibus

257 1123 519 1191 reciproce
593 1121 1004 1190 proportionalia
1091 1127 1244 1170 erunt

258 1213 412 1263 etiam
449 1211 530 1261 his
569 1210 701 1261 areis
727 1206 994 1277 reciproce
1022 1225 1244 1276 propor-

256 1302 483 1353 tionalia.
541 1302 638 1353 Est
663 1301 822 1371 igitur
845 1309 1049 1368 tempus
1074 1298 1245 1367 perio-

258 1392 431 1442 dicum
468 1390 736 1459 particulae
774 1389 994 1458 cujusvis
1034 1388 1089 1441 D
1115 1386 1245 1439 reci-

257 1481 414 1551 proce
463 1492 521 1533 ut
561 1500 680 1533 area
730 1482 786 1534 D
826 1481 862 1532 d
903 1481 973 1543 Q,
1024 1478 1126 1531 hoc
1170 1489 1246 1532 est

261 1576 375 1639 (per
400 1581 548 1622 notas
575 1588 850 1622 curvarum
881 1568 1244 1638 quadraturas)

261 1660 324 1726 (g)
382 1658 575 1711 directe
643 1668 702 1710 ut
764 1658 1008 1709 distantia
1078 1657 1115 1709 S
1171 1656 1244 1709 D.

263 1747 331 1809 Q.
361 1766 404 1797 e.
433 1747 484 1797 d.

332 1837 398 1906 (¹²)
431 1839 593 1889 Corol.
626 1845 672 1889 1.
716 1837 863 1889 Hinc
887 1845 1062 1888 motus
1090 1838 1363 1908 angulares
1399 1841 1771 1910 particularum
1806 1840 1954 1892 fluidi
1992 1830 2112 1892 sunt
2146 1838 2409 1909 reciproce

259 1939 318 1981 ut
365 1930 594 1998 ipsarum
644 1929 901 1981 distantiae
949 1928 1015 1980 ab
1064 1946 1163 1981 axe
1213 1930 1450 2001 cylindri,
1515 1943 1567 1985 et
1614 1930 1909 1985 velocitates
1971 1932 2224 1985 absolutae
2290 1940 2411 1983 sunt

262 2018 504 2088 aequales.

337 2109 500 2160 Corol.
529 2114 578 2158 2.
641 2107 696 2160 Si
719 2106 940 2158 fluidum
965 2106 1019 2157 in
1045 2124 1166 2158 vase
1192 2106 1475 2177 cylindrico
1512 2106 1850 2179 longitudinis
1888 2106 2107 2158 infinitae
2143 2108 2408 2159 continea-

263 2213 364 2266 tur,
393 2213 443 2254 et
469 2202 759 2273 cylindrum
787 2202 944 2253 alium
969 2201 1266 2252 interiorem
1295 2202 1570 2264 contineat,
1614 2199 1908 2252 revolvatur
1933 2207 2107 2250 autem
2136 2200 2403 2270 cylindrus

265 2301 482 2361 uterque
519 2292 654 2342 circa
693 2310 845 2342 axem
886 2308 1229 2353 communem,
1271 2291 1473 2361 sintque
1510 2290 1888 2342 revolutionum
1926 2298 2162 2358 tempora
2186 2301 2244 2342 ut
2267 2291 2408 2359 ipso-

266 2402 382 2435 rum
416 2383 821 2448 semi-diametri,
868 2393 919 2435 et
953 2393 1253 2453 perseveret
1289 2385 1436 2437 fluidi
1475 2404 1595 2455 pars
1634 2403 1958 2455 unaquaeque
1998 2383 2054 2434 in
2095 2392 2240 2435 motu
2283 2401 2405 2434 suo:

2277 2569 2373 2607 DE

325 2568 382 2620 (e)
414 2571 435 2593 *¹
459 2570 545 2606 Hoc
576 2575 639 2612 est,
671 2575 795 2607 motus
826 2570 892 2607 toti
922 2569 1138 2618 angulares.
1202 2570 1314 2614 Quo-

270 2622 375 2659 niam
404 2621 486 2658 solo
514 2621 676 2669 cyIIndri
708 2623 744 2658 A
769 2621 802 2659 F
822 2621 858 2659 L
885 2621 1058 2670 impulsu
1078 2622 1208 2673 agitur
1225 2623 1314 2660 flui-

271 2675 367 2713 dum
386 2674 427 2710 in
446 2676 577 2711 urbem
598 2677 684 2725 (per
705 2674 853 2724 Hyp.)‚
873 2687 1026 2712 necesse
1046 2683 1102 2712 est
1121 2682 1165 2712 ut
1184 2683 1315 2714 motus

272 2727 468 2778 angularis
485 2726 653 2776 partium
671 2726 794 2773 fluidi,
815 2735 1006 2765 crescente
1021 2741 1153 2765 earum
1168 2728 1312 2766 distan-

272 2782 326 2820 tia
339 2782 386 2817 ab
400 2793 470 2817 axe
484 2779 656 2830 cylindri,
678 2780 864 2818 continuo
879 2781 1082 2825 decrescat,
1098 2794 1143 2819 ac
1157 2782 1314 2820 tandem

274 2833 324 2872 ad
342 2833 562 2871 distantiam
580 2833 768 2871 infinitam
787 2842 996 2871 evanescat.
1055 2834 1172 2872 Unde
1185 2843 1315 2873 motus

273 2894 379 2924 totus
406 2886 602 2935 angularis
630 2886 765 2935 puncti
786 2887 821 2923 A
852 2899 919 2924 seu
948 2887 1049 2925 orbis
1079 2888 1117 2924 A
1141 2887 1174 2925 F
1196 2888 1230 2925 L
1258 2896 1316 2926 est

274 2939 452 2978 omnium
487 2939 689 2983 maximus,
734 2946 773 2977 et
808 2947 937 2977 motus
973 2948 1078 2978 totus
1118 2941 1314 2990 angularis

275 2992 409 3041 puncti
428 2992 632 3042 cujuslibet
654 2993 686 3031 C
706 2992 862 3042 aequalis
881 3000 937 3030 est
955 3006 1117 3030 summae
1135 2994 1312 3032 omnium

278 3045 580 3083 differentiarum
607 3053 787 3083 motuum
814 3045 1058 3095 angularIum
1078 3054 1312 3095 punctorum

280 3099 334 3143 D,
359 3098 394 3135 E
414 3105 453 3135 et
469 3099 711 3147 sequentium
726 3098 766 3135 in
780 3098 976 3136 infinitum
990 3100 1099 3150 (106.
1119 3099 1206 3137 Lib.
1229 3099 1309 3149 1.);

276 3149 440 3200 ideoque
458 3159 586 3188 motus
604 3152 670 3188 toti
687 3151 889 3201 angulares
908 3160 998 3189 sunt
1014 3160 1059 3190 ut
1077 3152 1309 3201 responden-

277 3212 335 3241 tes
353 3216 513 3240 summae
533 3203 721 3241 linearum
742 3206 778 3241 A
800 3217 835 3250 a,
859 3205 894 3242 B
915 3206 953 3251 b,
978 3205 1010 3243 C
1030 3218 1062 3250 c,
1086 3206 1127 3243 D
1147 3205 1185 3252 d,
1218 3205 1254 3243 E
1276 3218 1311 3253 e,

279 3258 349 3295 &c-
373 3256 414 3292 in
433 3256 641 3295 infinitum.

334 3308 385 3361 (f)
408 3312 429 3333 ³¹⁶
450 3313 540 3346 528.
591 3313 774 3361 Tempora
798 3312 987 3360 periodica
1006 3313 1163 3351 motibus
1189 3326 1315 3360 angu-

279 3364 422 3401 laribus
453 3362 638 3411 reciproc&
664 3365 968 3413 proportionalia.
1027 3364 1164 3402 Motus
1191 3377 1316 3415 angu-

280 3415 376 3453 lares
395 3422 485 3452 sunt
504 3422 547 3451 ut
565 3416 699 3465 anguli
726 3417 902 3465 descripti
930 3416 1070 3455 directe
1089 3426 1127 3455 et
1144 3425 1317 3466 tempora

279 3469 420 3518 quibus
438 3467 704 3505 describuntur
722 3469 868 3507 inverse
889 3470 1004 3521 (526)
1019 3485 1031 3516 3
1060 3477 1099 3508 et
1117 3478 1315 3520 propterea

280 3523 311 3558 si
343 3520 477 3571 anguli
511 3521 688 3569 descripti
718 3522 919 3570 capiantur
954 3523 1119 3573 aequales
1149 3532 1315 3573 quatuor

280 3577 402 3620 rectis,
436 3583 481 3611 ut
507 3581 611 3611 totus
637 3573 803 3611 circulus
830 3575 1064 3613 describatur
1083 3584 1121 3614 et
1140 3583 1313 3625 tempora

280 3628 374 3665 fiant
402 3626 637 3675 temporibus
664 3627 863 3676 periodicis
882 3629 1054 3677 aequalia,
1087 3636 1218 3666 motus
1245 3641 1312 3666 an-

280 3682 434 3731 gulares
453 3687 565 3716 erunt
584 3687 628 3717 ut
645 3688 817 3728 tempora
835 3681 1026 3728 periodica
1045 3680 1202 3719 inverse.

1368 2601 1704 2652 proportionalem,
1725 2610 1967 2642 momentum
1986 2602 2086 2641 illud
2105 2609 2161 2641 est
2186 2608 2231 2640 ut
2262 2636 2289 2673 S
2310 2636 2350 2672 D
2370 2628 2406 2657 2,

1368 2697 1407 2726 et
1440 2690 1527 2739 (per
1563 2689 1649 2728 Cas.
1683 2693 1720 2727 4.
1758 2689 1871 2727 Lem.
1910 2689 1972 2727 11.
2012 2687 2119 2727 Libri
2151 2687 2286 2739 hujus)
2320 2700 2408 2725 area

1370 2773 1411 2812 D
1439 2773 1466 2812 d
1497 2774 1539 2819 Q,
1567 2781 1624 2813 est
1654 2781 1700 2812 ut
1732 2746 1825 2847 -S-lss
1874 2786 1963 2825 quae
1999 2773 2192 2824 quantitas
2229 2772 2407 2824 negativa

1367 2859 1505 2907 prodit,
1537 2860 1629 2910 quia
1654 2873 1742 2899 area
1763 2862 1802 2900 D
1823 2860 1850 2898 d
1872 2860 1914 2903 Q
1936 2860 2109 2898 abscissae
2129 2859 2171 2897 D
2195 2858 2221 2896 S
2240 2871 2317 2895 non
2338 2858 2405 2896 ad-

1362 2912 1475 2963 jacet,
1496 2914 1563 2951 sed
1581 2913 1628 2951 ad
1645 2922 1769 2964 partes
1781 2911 1987 2952 contrarias
2002 2913 2122 2963 vergit
2135 2912 2176 2949 in
2189 2911 2400 2949 infinitum.

1369 2965 1445 3004 Est
1469 2966 1590 3017 igitur
1615 2974 1769 3016 tempus
1794 2965 2033 3016 periodicum
2059 2964 2257 3015 particulae
2275 2965 2405 3016 cujus-

1881 3022 1896 3056 1

1834 3079 1953 3123 SD’

1365 3049 1421 3088 vis
1452 3052 1493 3090 D
1529 3050 1721 3101 reciproce
1748 3059 1795 3091 ut
1990 3052 2064 3089 hoc
2095 3057 2163 3098 est,
2192 3048 2334 3088 directe
2358 3056 2405 3088 ut

1367 3136 1468 3175 SD.

1422 3204 1481 3255 (¹¹)
1504 3208 1525 3230 ⁴*
1551 3207 1668 3244 Corol.
1695 3209 1728 3243 1.
1774 3205 1838 3243 Ex
1868 3202 2147 3250 demonstratis,
2180 3210 2308 3241 motus
2334 3215 2404 3240 an·

1367 3257 1520 3308 gulares
1538 3259 1703 3307 partium
1725 3258 1832 3296 fluidi
1853 3265 1945 3295 sunt
1962 3255 2152 3305 reciproce
2170 3263 2214 3294 ut
2231 3263 2405 3305 tempora

1368 3310 1571 3360 periodica,
1592 3312 1665 3348 hoc
1684 3319 1751 3357 est,
1772 3309 1962 3359 reciproce
1981 3318 2025 3349 ut
2042 3309 2196 3347 illarum
2215 3308 2405 3346 distantiae

1369 3366 1417 3402 ab
1435 3376 1505 3401 axe
1524 3363 1698 3414 cylindri.
1760 3362 1994 3402 Velocitates
2020 3361 2110 3400 ver&
2134 3361 2330 3409 absolutae,
2359 3368 2405 3399 ut

1369 3424 1458 3465 pote
1479 3417 1703 3462 uniformes,
1732 3425 1823 3454 sunt
1840 3424 1885 3454 ut
1903 3414 2220 3454 circumferentiae
2237 3413 2403 3463 descrip-

1368 3477 1430 3515 tae,
1464 3483 1533 3508 seu
1564 3478 1609 3507 ut
1636 3469 1825 3507 distantiae
1844 3471 1892 3507 ab
1910 3482 1981 3507 axe
2008 3467 2170 3517 cylindri
2197 3466 2338 3505 directe
2365 3474 2404 3505 et

1368 3529 1541 3571 tempora
1566 3522 1758 3571 periodica
1775 3521 1934 3567 inverse,
1961 3522 2035 3559 hoc
2054 3528 2124 3567 est,
2140 3523 2196 3558 'ut
2212 3520 2403 3557 distantiae

1366 3574 1508 3614 directe
1526 3583 1565 3613 et
1583 3576 1771 3613 distantiae
1799 3573 1958 3621 inverse,
1986 3571 2154 3624 ide6que
2170 3580 2262 3610 sunt
2280 3572 2321 3609 in
2340 3585 2401 3610 ra—

1365 3628 1470 3666 tione
1488 3628 1723 3678 aequalitatis.
1771 3628 1880 3666 Hinc
1900 3626 1989 3665 vero
2010 3628 2096 3679 (per
2118 3626 2205 3664 Cor.
2225 3628 2262 3663 5.
2281 3625 2396 3674 Prop.

1375 3681 1450 3718 1V.
1496 3681 1582 3718 Lib.
1628 3681 1685 3731 1.)
1724 3680 1820 3718 vires
1858 3678 2085 3729 centrifugae
2128 3677 2403 3727 particularum

336 3734 391 3784 (g)
415 3737 435 3757 ¹*
457 3733 612 3771 Direct&
631 3741 674 3773 ut
694 3735 872 3771 distantia
894 3736 922 3771 S
936 3736 991 3773 D.
1042 3736 1154 3772 Areae
1178 3735 1217 3771 D
1237 3733 1262 3772 d
1281 3735 1322 3779 Q
1372 3733 1579 3783 aequalium
1609 3733 1717 3771 fluidi
1745 3741 1837 3771 sunt
1854 3731 2044 3781 reciproce
2061 3738 2106 3769 ut
2129 3731 2297 3779 ipsarum
2324 3730 2403 3769 dis-

279 3794 521 3822 momentum
542 3794 598 3823 est
628 3787 668 3824 D
688 3786 713 3823 d
737 3792 777 3832 ><
805 3786 844 3823 D
867 3785 928 3832 E;
958 3793 997 3823 et
1022 3785 1121 3831 ideo,
1150 3788 1200 3824 ob
1217 3787 1318 3824 ordi-

280 3846 409 3877 natam
450 3839 489 3877 D
518 3837 544 3875 d
580 3839 765 3890 quadrato
783 3839 954 3877 abscissae
990 3839 1017 3877 S
1052 3840 1093 3878 D
1129 3838 1319 3888 reciproce

1371 3786 1503 3825 tantiae
1515 3788 1564 3824 ab
1578 3799 1649 3825 axe
1667 3786 1857 3836 cylindri;
1885 3792 1923 3824 et
1940 3791 2139 3834 propterea
2157 3783 2211 3820 vis
2229 3783 2307 3834 qua
2325 3790 2404 3821 tota

1372 3839 1590 3888 superficies
1616 3837 1823 3889 cylindrica
1849 3837 1984 3876 nititur
2000 3838 2048 3875 ab
2066 3850 2137 3875 axe
2155 3835 2316 3886 cylindri
2344 3847 2402 3873 rc-
