2502 4192
133 265 317 317 mez
346 264 616 328 Secum]
672 263 1071 316 PRINCIPIA
1112 261 1729 315 MATHEMATICA.
2163 270 2267 317 223

130 408 308 459 lumna
335 407 379 458 P
408 407 468 458 H
496 406 549 468 Q
574 424 807 458 convexa
845 409 942 459 erit
976 426 1153 459 versus
1180 417 1502 470 cataractam,
1549 417 1598 459 et
1635 415 1912 475 propterea
1936 406 2101 474 major
2138 420 2270 457 cono

133 498 276 565 cujus
320 496 455 546 basis
498 506 573 546 est
611 496 844 547 circellus
883 496 969 547 ille
1013 497 1053 546 P
1081 497 1135 557 Q
1173 508 1225 569 et·
1260 496 1476 547 altitudo
1505 496 1559 547 G
1587 496 1664 557 H,
1704 495 1758 545 id
1786 504 1878 556 est,
1919 495 2082 561 major
2120 495 2269 545 tertia

130 599 278 656 parte
304 588 522 658 cylindri
548 588 729 639 eadem
754 589 877 639 base
904 598 955 639 et
982 588 1250 639 altitudine
1277 588 1536 655 descripti.
1616 587 1846 638 Sustinet
1883 595 2055 636 autem
2093 584 2271 635 circel-

130 677 210 728 lus
238 677 323 728 ille
348 677 551 744 pondus
590 678 742 745 hujus
780 677 1050 738 columnae,
1094 676 1148 726 id
1186 687 1278 739 est,
1324 676 1529 743 pondus
1575 674 1714 744 quod
1754 675 1985 742 pondere
2026 673 2142 723 coni
2182 691 2272 723 seu

129 766 295 819 tertiae
320 765 479 834 partis
507 766 725 835 cylindri
750 765 885 815 illius
911 766 1073 833 majus
1100 775 1191 816 est.
1586 824 1591 833 .

206 858 367 907 Corol.
397 864 445 907 8.
525 855 737 907 Pondus
782 872 929 924 aquae
971 872 1126 923 quam
1168 854 1405 905 circellus
1450 854 1599 905 valde
1637 873 1826 922 parvus
1868 856 1912 906 P
1941 855 1995 916 Q
2036 853 2268 916 sustinet,

129 948 300 999 minus
326 968 436 1000 esse
462 949 666 1000 videtur
690 948 922 1015 pondere
948 947 1168 997 duarum
1194 948 1462 998 tertiarum
1487 947 1714 1014 partium
1742 947 1962 1016 cylindri
2000 964 2148 1015 aquae
2183 964 2273 996 cu-

121 1037 207 1105 jus
234 1037 370 1087 basis
397 1046 474 1087 est
499 1036 732 1087 circellus
759 1035 844 1086 ille
871 1045 922 1086 et
948 1034 1164 1086 altitudo
1191 1046 1269 1086 est
1297 1035 1356 1085 H
1386 1035 1454 1086 G.
1510 1035 1647 1085 Nam
1674 1035 1926 1085 stantibus
1945 1036 2054 1103 jam
2073 1035 2270 1102 positis,

128 1127 353 1178 describi
378 1127 695 1200 intelligatur
721 1127 993 1177 dimidium
1020 1125 1325 1195 sphaeroidis
1353 1127 1496 1194 cujus
1535 1126 1671 1177 basis
1711 1136 1788 1177 est
1825 1127 2060 1177 circellus
2100 1126 2186 1176 ille
2224 1136 2277 1176 et

130 1219 392 1270 semi-axis
420 1219 524 1270 sive
552 1218 769 1269 altitudo
795 1228 872 1269 est
900 1218 960 1269 H
989 1218 1056 1269 G.
1136 1218 1199 1286 (Ἰ)
1241 1217 1311 1268 Et
1346 1216 1461 1266 haec
1498 1216 1667 1287 figura
1692 1217 1904 1286 aequalis
1937 1218 2034 1268 erit
2072 1216 2275 1267 duabus

128 1310 291 1361 tertiis
316 1309 548 1377 partibus
577 1308 795 1378 cylindri
819 1309 954 1359 illius
981 1319 1032 1359 et
1057 1307 1461 1376 comprehendet
1488 1308 1777 1358 columnam
1814 1328 1961 1378 aquae
1989 1307 2278 1378 congelatae

132 1400 177 1451 P
207 1400 266 1450 H
294 1399 348 1460 Q
389 1399 534 1466 cujus
576 1397 780 1465 pondus
821 1397 1054 1469 circellus
1095 1397 1181 1448 ille
1226 1397 1456 1447 sustinet.
1535 1396 1672 1447 Nam
1713 1407 1769 1448 ut
1811 1409 1983 1448 motus
2023 1416 2171 1466 aquae
2209 1396 2278 1446 sit

128 1486 354 1539 maxime
392 1486 633 1548 directuS,
675 1485 929 1536 columnae
954 1485 1088 1542 illius
1117 1485 1412 1553 superficies
1440 1495 1655 1536 externa
1693 1497 1969 1538 concurret
2007 1505 2126 1537 cum
2163 1486 2279 1543 basi

134 1577 178 1628 P
207 1576 259 1636 Q
288 1578 346 1642 (f)
374 1574 427 1622 in
454 1572 645 1642 angulo
670 1572 906 1622 nonnihil
932 1582 1098 1635 acuto,
1126 1582 1403 1641 propterea
1429 1572 1570 1641 quod
1597 1592 1732 1642 aqua
1758 1574 1991 1625 cadendo
2017 1573 2276 1642 perpetuo

127 1666 441 1717 acceleratur
467 1674 517 1715 et
541 1672 755 1731 propter
779 1663 1200 1714 accelerationem
1226 1663 1287 1713 fit
1310 1663 1515 1713 tenuior
1530 1682 1543 1724 ;
1575 1673 1641 1714 vet
1678 1663 1799 1714 cum
1825 1665 2047 1734 angulus
2086 1664 2173 1715 ille
2213 1664 2280 1714 sit

130 1765 272 1808 recto
297 1754 480 1815 minor,
520 1752 633 1803 haec
671 1752 910 1803 columna
935 1752 1001 1803 ad
1026 1751 1291 1803 inferiores
1318 1752 1425 1820 ejus
1451 1761 1622 1819 partes
1662 1753 1718 1821 (⁵)
1739 1753 1931 1821 jacebit
1957 1753 2091 1803 intra
2119 1752 2276 1803 dimi—

132 1845 277 1897 dium
322 1845 643 1912 sphaeroidis.
722 1846 778 1913 (¹⁵)
810 1847 1010 1897 Eadem
1054 1846 1179 1898 vero
1218 1864 1421 1897 sursum
1460 1856 1609 1897 acuta
1635 1847 1731 1898 erit
1758 1867 1848 1898 seu
1887 1848 2170 1915 cuspidata‚
2211 1866 2280 1899 ne

132 1936 463 1988 horizontalis
489 1947 658 1989 motus
686 1955 835 2007 aquae
860 1938 927 1989 ad
952 1939 1198 1990 verticem
1225 1937 1530 2006 sphaeroidis
1556 1937 1622 1989 sit
1646 1937 1845 1989 infinite
1871 1939 2097 1990 velocior
2123 1937 2278 2008 quam

139 2098 175 2136 P
198 2098 239 2142 Q
254 2098 417 2137 sustinet
434 2099 588 2148 pondus
603 2101 794 2138 columnae
815 2113 925 2150 aquae
947 2100 982 2138 P
1001 2100 1045 2138 H
1070 2100 1121 2146 Q,
1141 2099 1183 2138 id

137 2159 207 2197 est,
227 2151 381 2199 pondus
399 2153 502 2202 quod
522 2154 649 2204 majus
669 2162 725 2193 est
743 2153 911 2202 pondere
931 2154 1051 2192 tertiae
1066 2154 1182 2201 partis

139 2204 303 2254 cylindri
322 2217 431 2254 aquae
459 2206 570 2256 cujus
597 2207 696 2244 basis
722 2214 779 2244 est
806 2207 981 2245 circellus
1016 2208 1051 2246 P
1074 2208 1115 2251 Q
1141 2215 1181 2244 et

137 2257 303 2295 altitudo
327 2258 364 2295 G
387 2258 444 2296 H.

198 2310 255 2363 (q)
279 2314 299 2334 '³
322 2313 380 2349 Et
401 2314 619 2365 'zaecfigura
639 2316 793 2364 oequalis
812 2315 891 2359 erit,
913 2314 981 2351 διο.
1036 2314 1177 2351 Centro

1236 2100 1390 2150 tanguli
1423 2100 1469 2138 H
1493 2101 1530 2139 G
1563 2101 1598 2138 P
1619 2102 1658 2139 X
1693 2101 1892 2151 genitum3
1930 2102 2036 2141 unde
2068 2105 2153 2154 (per
2184 2104 2274 2143 Cor.

1239 2154 1350 2191 Lem.
1377 2154 1455 2192 IV.
1487 2154 1574 2192 Lib.
1602 2154 1660 2203 Ι.)
1700 2154 2014 2203 hemisphaerium
2048 2170 2095 2193 ex
2128 2157 2280 2194 revolu-

1237 2207 1342 2244 tione
1361 2207 1584 2257 quadrantis
1602 2207 1735 2245 circuli
1758 2209 1799 2245 H
1827 2210 1865 2246 R
1888 2210 1914 2246 S
1938 2209 1975 2246 G
2004 2210 2193 2258 genitum,
2223 2218 2280 2248 est

1230 2259 1279 2297 ad
1297 2260 1654 2309 hemisphaeroidem
1682 2274 1727 2298 ex
1756 2262 1943 2299 rotatione
1970 2263 2193 2312 quadrantis
2221 2263 2278 2300 el-

1232 2313 1371 2362 lipseos
1393 2314 1435 2351 H
1458 2314 1499 2351 N
1518 2314 1551 2351 P
1574 2315 1611 2351 G
1631 2314 1671 2351 in
1692 2312 1826 2352 eadem
1846 2315 2007 2353 ratione·
2042 2317 2143 2354 Cum
2160 2316 2280 2366 igitur

144 2363 196 2410 G,
232 2371 271 2401 et
305 2365 556 2403 semi-axibus
584 2366 798 2417 conjugatis
840 2367 877 2404 G
908 2366 953 2404 H
985 2374 1022 2404 et
1058 2367 1096 2404 G
1128 2367 1174 2412 P,

142 2416 382 2455 describatur
394 2418 568 2467 ellipseos
586 2419 776 2469 quadrans
798 2420 841 2457 H
865 2419 904 2458 N
926 2420 970 2464 P,
993 2427 1030 2458 et
1049 2428 1179 2458 centro

139 2469 275 2507 eodem
300 2470 337 2507 G
352 2483 395 2509 ac
413 2471 519 2509 radio
543 2473 580 2510 G
600 2473 642 2510 H
662 2473 795 2510 circuli
813 2472 1004 2522 quadrans
1018 2473 1062 2511 H
1083 2473 1121 2510 R
1136 2474 1176 2518 S,

140 2522 478 2573 compleanturque
489 2526 712 2575 rectangula
729 2527 768 2562 H
784 2527 821 2564 G
834 2526 868 2563 P
879 2527 919 2563 X
933 2534 971 2563 et
985 2527 1029 2564 H
1044 2527 1080 2564 G
1094 2527 1119 2564 S
1130 2528 1174 2565 Z.

143 2575 323 2615 Ducatur
340 2576 381 2613 in
399 2577 543 2616 circulo
562 2579 735 2616 ordinata
753 2579 898 2629 quaevis
920 2580 959 2617 R
975 2580 1034 2625 M,
1056 2580 1179 2630 ellipsi

367 3334 404 3386 S
650 3332 697 3384 P

146 3488 351 3515 occurrens
368 3476 410 3513 in
434 3476 484 3521 N,
514 3475 585 3513 erit
616 3476 655 3513 P.
677 3476 726 3514 M
744 3475 794 3514 ad
814 3477 856 3514 N
876 3477 936 3523 M,
965 3477 1006 3514 in
1026 3477 1113 3515 data
1130 3490 1190 3516 ra-

146 3529 252 3568 tione
275 3530 301 3567 S
324 3530 362 3567 G
381 3529 429 3567 ad
454 3529 488 3567 P
512 3529 549 3566 G
571 3530 679 3580 (247.
703 3530 784 3566 Lib.
808 3529 865 3578 1.)
888 3537 927 3567 et
945 3529 1144 3579 propterea
1158 3531 1190 3568 si

147 3581 285 3633 figurae
303 3582 380 3620 illae
398 3581 499 3620 circa
517 3594 627 3618 axem
649 3581 695 3618 H
719 3581 757 3619 G
784 3582 1040 3628 revolvantur,
1069 3584 1191 3621 circu-

147 3633 211 3672 lus
219 3647 343 3685 quem
363 3635 495 3673 radius
515 3635 561 3672 M
586 3635 625 3672 R
644 3633 685 3671 in
704 3633 777 3672 hac
795 3636 1033 3673 revolutione
1052 3635 1191 3674 descri-

1231 2367 1543 2415 hemisphaerium
1563 2367 1611 2404 sit
1628 2367 1677 2405 ad
1696 2369 1916 2417 cylindrum
1944 2368 2280 2417 circumscriptum

1232 2427 1278 2457 ut
1298 2425 1322 2457 2
1340 2420 1389 2457 ad
1407 2425 1433 2458 3
1453 2424 1565 2472 (170.
1591 2421 1681 2458 Lib.
1709 2421 1793 2470 ΙΙ.)
1815 2422 1887 2459 erit
1905 2423 2020 2459 etiam
2049 2423 2280 2470 hemisphae-

1234 2473 1310 2511 rois
1329 2473 1378 2510 ad
1396 2473 1615 2522 cylindrum
1644 2474 1977 2522 circumscriptum
2005 2475 2072 2524 qui
2092 2488 2159 2523 per
2178 2483 2278 2513 rota-

1232 2526 1375 2563 tionem
1391 2527 1604 2577 rectanguli
1622 2527 1665 2564 H
1687 2528 1724 2565 G
1743 2528 1777 2565 P
1795 2528 1835 2565 X
1852 2536 2071 2578 generatur,
2086 2527 2128 2564 in
2143 2528 2280 2566 eadem

1231 2580 1378 2617 ratione
1397 2584 1421 2617 2
1440 2580 1489 2617 ad
1504 2586 1541 2617 8.
1602 2581 1653 2624 Q.
1677 2593 1709 2618 e.
1733 2580 1771 2618 d.

1289 2645 1343 2697 (’')
1366 2648 1386 2669 ²*
1409 2648 1461 2684 In
1474 2648 1613 2695 angulo
1623 2648 1799 2684 nonnihil
1812 2654 1932 2685 acuto.
1974 2647 2078 2684 Nam
2093 2624 2279 2696 quemad-

1236 2698 1397 2736 modum
1418 2699 1585 2749 angulus
1602 2711 1718 2748 quem
1738 2708 1937 2737 cataractae
1960 2700 1997 2737 A
2016 2701 2051 2738 B
2071 2701 2110 2738 N
2131 2700 2162 2737 F
2177 2700 2213 2737 E
2233 2701 2279 2737 M

1239 2751 1459 2800 superficies
1488 2759 1646 2789 externa
1681 2754 1719 2789 A
1741 2753 1789 2790 M
1812 2753 1863 2798 E,
1898 2754 1934 2791 B
1958 2754 1994 2790 N
2019 2754 2052 2791 F
2081 2766 2170 2790 cum
2198 2752 2281 2790 basi

1243 2805 1275 2843 C
1298 2805 1347 2848 E,
1388 2805 1426 2841 D
1451 2804 1483 2841 F
1510 2806 1720 2850 constituit,
1754 2813 1810 2843 est
1837 2819 1986 2854 semper
2013 2815 2161 2852 acutus,
2190 2806 2282 2855 quia

1240 2870 1341 2907 aqua
1367 2856 1541 2895 cadendo
1569 2871 1718 2906 semper
1749 2859 1981 2897 acceleratur
2010 2860 2155 2910 (272).
2218 2859 2282 2895 Sic

1240 2912 1368 2955 etiam,
1398 2912 1447 2947 ob
1474 2911 1635 2949 eandem
1660 2911 1860 2957 rationem,
1894 2914 2086 2950 columnae
2119 2912 2153 2949 P
2175 2912 2218 2949 H
2243 2913 2285 2956 Q

1240 2963 1460 3012 superficies
1491 2972 1648 3001 externa
1676 2973 1876 3003 concurret
1903 2979 1993 3003 cum
2012 2966 2092 3003 basi
2116 2965 2151 3002 P
2174 2966 2216 3009 Q
2241 2966 2283 3002 in

1241 3016 1387 3065 angulo
1406 3024 1519 3054 acuto
1539 3018 1579 3054 H
1604 3018 1639 3054 P
1662 3019 1713 3064 Q,
1739 3019 1782 3055 H
1808 3019 1849 3062 Q
1869 3019 1913 3056 P.
1979 3019 2084 3063 Quia
2102 3016 2190 3055 vero
2209 3018 2282 3055 cir-

1242 3070 1332 3107 culo
1354 3070 1388 3106 P
1404 3070 1711 3115 Qevanescente,
1733 3085 1799 3109 seu
1819 3071 2060 3110 coincidente
2084 3072 2124 3108 H
2146 3072 2180 3108 P
2192 3084 2283 3109 cum

1241 3135 1313 3160 axe
1335 3123 1377 3159 H
1403 3123 1452 3166 G,
1475 3123 1644 3173 angulus
1662 3124 1728 3162 ille
1751 3125 1792 3161 H
1819 3124 1852 3161 P
1876 3126 1913 3162 G
1933 3135 2061 3162 rectus
2080 3124 2229 3170 evadit3
2252 3125 2284 3161 si

1241 3175 1408 3212 circulus
1426 3183 1482 3213 est
1501 3175 1611 3214 valde
1628 3190 1793 3225 parvus;
1823 3178 1991 3228 angulus
2023 3178 2066 3215 H
2090 3177 2124 3215 P
2147 3177 2184 3215 G
2213 3177 2285 3215 erit

1241 3228 1321 3267 fere
1339 3236 1467 3267 rectus
1485 3241 1553 3266 seu
1572 3230 1749 3267 nonnihil
1768 3239 1918 3269 acutus.

1297 3301 1350 3354 (⁸)
1371 3303 1512 3341 Jacebit
1539 3301 1644 3341 intr&
1672 3305 1871 3342 dimidium
1890 3305 2117 3353 sphaeroidie.
2180 3302 2286 3346 Quia

1246 3355 1310 3405 (ex
1330 3353 1468 3392 natura
1487 3354 1679 3403 ellipseos)
1700 3355 1740 3392 in
1760 3356 1836 3406 qua
1849 3364 2050 3407 tangentes
2068 3369 2135 3405 per
2153 3356 2285 3393 axium

1244 3406 1403 3444 vertices
1434 3407 1561 3445 ductae
1589 3408 1754 3458 angulos
1780 3417 1902 3447 rectos
1921 3422 2011 3447 cum
2032 3410 2166 3447 axibus
2194 3421 2282 3445 con-

1246 3460 1423 3502 stituunt,
1446 3461 1667 3508 sphaeroidis
1682 3461 1899 3510 superficies
1913 3475 2002 3500 cum
2018 3462 2170 3500 circello
2186 3461 2220 3498 P
2232 3461 2284 3505 Q.

1248 3513 1439 3550 concurrit
1457 3513 1498 3550 in
1518 3514 1664 3565 angulo
1682 3522 1797 3552 recto.

1302 3583 1354 3634 (ἲ)
1378 3586 1399 3607 ⁴*
1423 3579 1571 3622 Eadem
1600 3584 1682 3623 verb
1714 3599 1871 3625 sursum
1899 3594 2013 3625 acuta
2040 3588 2121 3624 erit.
2183 3582 2289 3622 Cum

1249 3636 1350 3674 enim
1384 3644 1509 3684 partes
1536 3650 1647 3687 aquae
1665 3637 1809 3687 duplici
1829 3648 1938 3676 motu
1958 3640 2129 3675 cieantur
2156 3637 2196 3673 in
2228 3637 2286 3683 H,

149 3688 227 3732 bet,
256 3688 327 3726 erit
345 3687 394 3726 ad
414 3687 604 3726 circulum
631 3687 739 3724 radio
761 3688 809 3725 M
833 3688 872 3725 N
892 3688 1126 3737 descriptum
1154 3689 1193 3726 in
1251 3688 1328 3726 alio
1346 3688 1514 3726 verticuli
1533 3691 1600 3740 qui
1629 3690 1738 3740 lapsu
1757 3704 1824 3738 per
1843 3691 2087 3729 altitudinem
2110 3690 2129 3727 Ι
2153 3690 2196 3726 H
2226 3702 2290 3726 ac-

150 3737 242 3777 data
271 3740 419 3779 ratione
450 3741 477 3779 S
500 3741 538 3779 G
554 3742 576 3763 2
606 3740 656 3777 ad
688 3740 722 3778 P
746 3741 784 3778 G
804 3742 838 3786 2,
871 3753 939 3778 seu
958 3741 997 3778 in
1017 3741 1108 3779 data
1136 3754 1196 3779 ra-
1253 3740 1430 3791 quiritur,
1450 3741 1526 3780 alio
1545 3743 1772 3781 horizontali
1790 3757 1868 3794 quo
1885 3751 2012 3792 partes
2030 3755 2139 3792 aquae
2160 3741 2208 3780 ad
2226 3755 2290 3779 ea-

150 3791 255 3830 tione
272 3792 435 3843 cylindri
452 3805 570 3844 quem
597 3792 869 3844 rectangulum
899 3793 944 3831 H
969 3794 1007 3832 G
1029 3795 1056 3832 S
1077 3795 1109 3833 Z
1136 3807 1198 3833 ro-
1252 3801 1434 3833 taractam
1452 3794 1694 3835 formandam
1712 3796 1763 3834 ad
1781 3810 1820 3834 se
1838 3795 1977 3834 mutuo
2003 3795 2201 3840 accedunt,
2231 3795 2291 3832 uti

152 3846 271 3885 tando
298 3846 478 3886 describit
496 3845 545 3885 ad
564 3846 785 3897 cylindrum
816 3858 865 3886 ex
883 3846 1090 3901 *rotatione
1115 3858 1199 3888 rec-
1253 3845 1370 3897 supra
1386 3847 1476 3888 ante
1494 3861 1569 3890 cas,
1597 3854 1630 3888 1.
1652 3849 1801 3889 dictum
1815 3857 1883 3895 est,
1903 3847 2020 3899 atque
2031 3846 2119 3887 ideo
2137 3847 2291 3900 guttula
