2502 4192
676 610 1012 676 INDEX
1057 610 1885 680 PROPOSITIONUM

965 797 1180 851 LIBRI
1224 799 1582 854 sECUNDI.
1641 778 1644 782 ’

422 1102 598 1142 PROP.
635 1103 668 1142 Ι.
730 1104 957 1143 THEOR.
993 1104 1028 1142 Ι.

213 1171 401 1221 Corporis,
423 1173 485 1210 cui
506 1173 690 1210 resistitur
705 1173 744 1210 in
758 1174 904 1212 ratione
918 1173 1139 1221 velocitatis,

261 1234 391 1263 motus
410 1238 454 1263 ex
475 1225 690 1264 resistentia
707 1228 880 1274 amissus,
911 1237 968 1265 est
991 1235 1036 1265 ut
1054 1241 1139 1276 spa-

261 1278 359 1316 tium
379 1279 572 1316 movendo
600 1281 818 1318 confectum
824 1308 1136 1320 ..................

409 1367 580 1406 PROP.
610 1368 669 1405 11.
729 1368 957 1407 THEOR.
982 1369 1042 1407 ΙΙ.

211 1436 252 1475 Si
270 1437 416 1485 corpori
436 1437 622 1474 resistitur
640 1438 681 1475 in
700 1439 847 1476 ratione
860 1438 1080 1485 velocitatis,
1101 1447 1140 1478 et

262 1490 365 1527 idem
395 1490 475 1527 sola
496 1490 532 1526 vi
551 1489 667 1528 insita
685 1504 752 1539 per
770 1491 942 1529 medium
970 1492 1138 1530 similare

260 1552 469 1586 moveatur,
482 1552 684 1581 sumantur
692 1552 821 1582 autem
833 1553 1137 1595 temporaaequa-

199 1628 203 1632 .
260 1596 333 1633 lia:
367 1596 585 1633 velocitates
610 1597 651 1633 in
679 1597 876 1645 principiis
895 1598 1137 1648 singulorum

259 1657 478 1696 temporum
506 1656 598 1686 sunt
625 1650 664 1686 in
692 1652 955 1700 progressione
982 1664 1138 1701 geome-

259 1702 366 1744 trica,
402 1710 441 1739 et
471 1702 590 1750 spatia
618 1703 782 1752 singulis
809 1704 1043 1752 temporibus
1070 1704 1135 1742 de·

1166 1072 1228 1105 rag.

1198 1285 1244 1320 13

258 1756 397 1804 scripta
424 1764 515 1792 sunt
535 1764 577 1792 ut
597 1756 814 1793 velocitates
818 1784 1129 1796 ..................
1143 1756 1234 1796 ibid.

412 1841 585 1879 PROP.
616 1841 701 1878 ΙΙΙ.
764 1841 979 1880 PROBL.
1006 1843 1040 1880 Ι.

211 1912 391 1960 Corporis
409 1912 484 1957 cui,
515 1911 611 1949 dum
638 1912 679 1949 in
706 1912 835 1950 medio
861 1914 1018 1952 similari
1036 1913 1139 1952 recta

260 1965 431 2002 ascendit
460 1965 519 2002 vel
552 1965 760 2011 descendit,
793 1967 982 2005 resistitur
1009 1967 1050 2004 in
1077 1980 1137 2005 ra-

260 2021 367 2055 tione
403 2018 622 2064 velocitatis,
659 2019 839 2070 quodque
874 2022 922 2058 ab
954 2021 1138 2059 uniformi

260 2073 447 2123 gravitate
467 2080 637 2122 urgetur,
667 2072 826 2110 definire
843 2081 994 2111 motum
996 2100 1133 2113 ........

404 2157 577 2196 PROP.
605 2158 682 2197 IV.
744 2158 958 2198 PROBL.
988 2159 1050 2198 11.

213 2229 348 2268 Posito
375 2229 480 2279 quod
508 2229 564 2267 vis
591 2229 785 2280 gravitatis
804 2229 845 2266 in
863 2229 991 2267 med10
1009 2230 1138 2280 aliquo

263 2284 421 2321 similari
442 2283 646 2321 uniformis
664 2284 722 2327 sit,
738 2296 782 2320 ac
794 2283 924 2321 tendat
938 2284 1140 2331 perpendi-

262 2336 441 2374 culariter
467 2335 516 2373 ad
535 2336 693 2384 planum
722 2336 950 2383 horizontis3
980 2337 1139 2374 definire

262 2397 415 2426 motum
440 2389 644 2440 projectilis
663 2390 703 2425 in
722 2389 859 2426 eodem
885 2390 1136 2427 resistentiam

263 2443 452 2480 velocitati
472 2441 794 2491 proportionalem
821 2443 999 2491 patientis
1000 2470 1136 2483 ........

402 2529 575 2568 PROP.
603 2529 651 2567 V.
713 2530 937 2568 THEOR.
964 2530 1052 2569 ΙΙΙ.

216 2600 256 2639 S1
286 2600 434 2648 corpori
468 2600 654 2638 resistitur
686 2601 726 2638 in
758 2600 967 2639 velocitatis
993 2601 1139 2639 ratione

265 2653 472 2703 duplicata,
501 2662 539 2691 et
559 2654 661 2691 idem
689 2653 768 2691 sola
787 2655 824 2691 vi
840 2655 953 2692 insita
972 2668 1039 2703 per
1057 2667 1138 2692 me-

265 2707 373 2744 dium
407 2707 571 2745 similare
598 2716 819 2754 moveatur3
851 2716 1021 2757 tempora
1048 2706 1137 2746 vero

265 2770 467 2798 sumantur
497 2759 538 2796 in
571 2761 832 2810 progressione
859 2760 1090 2810 geometrica
1115 2774 1139 2798 a

265 2814 477 2850 minoribus
496 2813 666 2850 terminis
683 2813 732 2850 ad
752 2816 912 2863 majores
931 2822 1132 2864 pergente:

265 2865 351 2904 dico
380 2865 483 2917 quod
515 2866 731 2903 velocitates
762 2866 871 2904 imtio
897 2867 1139 2917 singulorum

265 2926 483 2968 temporum
515 2927 606 2956 sunt
637 2920 678 2956 in
706 2918 840 2957 eadem
877 2921 1138 2971 progressione

265 2970 498 3022 geometrica
517 2971 673 3015 inverse,
709 2980 747 3010 et
773 2973 877 3023 quod
904 2974 1024 3021 spatia
1051 2982 1141 3012 sunt

266 3025 439 3075 aequalia,
459 3039 546 3076 quae
567 3025 729 3076 singulis
748 3028 982 3075 temporibus
1000 3026 1139 3064 deseri.

264 3080 419 3118 buntura
421 3105 1137 3119 .........................................

389 3170 562 3209 PROP.
591 3169 667 3207 VI.
728 3169 955 3208 THEOR.
980 3170 1055 3208 IV.

216 3239 383 3288 Corpora
392 3238 822 3289 sphaericahomogenea
840 3246 878 3277 et
896 3239 1069 3288 aequalia,
1080 3252 1139 3277 re-

265 3292 444 3330 sistentiis
462 3294 503 3328 in
518 3290 713 3340 duplicata
732 3293 878 3329 ratione
895 3293 1142 3330 velocitatum

265 3344 450 3394 impedita
477 3352 515 3382 et
544 3344 636 3381 solis
661 3344 805 3382 viribus
832 3344 953 3382 insitis
971 3345 1138 3392 incitata,

264 3398 500 3446 temporibus
517 3410 604 3448 quae
623 3405 714 3434 sunt
733 3397 922 3446 reciproce
941 3406 985 3435 ut
1003 3398 1142 3436 veloci-

263 3459 360 3488 tates
371 3453 443 3487 sub
462 3450 585 3495 initio,
607 3451 828 3489 describunt
847 3464 994 3499 semper
1013 3464 1142 3502 aequa-

264 3504 316 3541 lia
334 3505 468 3552 spatia,
497 3512 534 3541 et
553 3504 736 3541 amittunt
753 3511 878 3551 partes
897 3504 1143 3542 velocitatum

262 3556 564 3606 proportionales
576 3559 666 3594 totis
669 3583 1139 3596 ...........................

400 3646 573 3685 PROP.
601 3646 704 3684 VH.
765 3647 989 3685 THEOR.
1012 3648 1062 3686 V.

214 3715 385 3765 Corpora
397 3719 580 3765 sphaerica
594 3718 733 3768 quibus
752 3718 935 3755 resistitur
953 3718 993 3755 in
1012 3717 1141 3766 dupli-

263 3767 348 3806 cata
363 3771 508 3808 ratione
522 3771 780 3815 velocitatum,
801 3772 1039 3819 temporibus
1053 3784 1141 3821 quae

263 3830 355 3860 sunt
374 3830 417 3860 ut
436 3831 565 3862 motus
583 3824 695 3875 primi
715 3823 857 3862 directe
870 3832 909 3862 et
919 3824 1141 3863 resistentiae

1194 2077 1243 2114 15

1192 2447 1240 2482 21

1194 3084 1245 3120 37

1197 3562 1249 3596 42

1176 962 1377 977 “mm

1366 1104 1499 1155 primae
1518 1104 1678 1153 inverse,
1706 1106 1885 1145 amittent
1912 1116 2035 1157 partes
2061 1117 2241 1147 motuum

1368 1160 1669 1208 proportionales
1696 1161 1795 1204 totis,
1826 1168 1865 1198 et
1883 1163 2003 1210 spatia
2029 1163 2243 1201 describent

1367 1213 1602 1260 temporibus
1635 1213 1715 1251 istis
1743 1222 1781 1251 et
1818 1215 2081 1253 velocitatibus
2111 1217 2245 1265 primis

1367 1266 1603 1316 conjunctim
1626 1267 1923 1316 proportionalia
1927 1296 2238 1309 ..................

1473 1350 1648 1389 PROP.
1673 1351 1803 1389 VIII.
1864 1352 2090 1392 THEOR.
2118 1355 2194 1392 VI.

1319 1420 1358 1459 Si
1377 1433 1515 1470 corpus
1532 1422 1572 1459 in
1591 1422 1719 1460 medio
1737 1424 1932 1469 uniformi,
1952 1425 2136 1474 gravitate
2155 1426 2242 1462 uni-

1367 1474 1540 1512 formiter
1551 1483 1700 1525 agente,
1710 1476 1812 1514 recta
1823 1478 2000 1514 ascendat
2015 1478 2071 1514 vel
2088 1478 2244 1516 descen·

1367 1527 1442 1572 dat,
1473 1535 1511 1565 et
1529 1529 1695 1577 spatium
1715 1537 1841 1566 totum
1859 1530 2092 1578 descriptum
2111 1531 2245 1568 distin-

1366 1589 1509 1631 guatur
1522 1581 1565 1618 in
1576 1588 1700 1630 partes
1715 1582 1891 1632 aequales,
1914 1584 2030 1635 inque
2048 1585 2245 1634 principiis

1366 1634 1608 1683 singularum
1640 1635 1808 1683 partium
1844 1635 2039 1686 (addendo
2067 1639 2242 1675 resisten-

1365 1687 1457 1723 tiam
1477 1688 1592 1724 medii
1607 1688 1656 1725 ad
1669 1689 1745 1724 vim
1764 1689 1971 1738 gravitatis,
1992 1691 2147 1740 quando
2159 1704 2241 1729 cor-

1366 1752 1439 1787 pus
1453 1741 1635 1786 ascendit,
1650 1742 1709 1778 vel
1724 1742 1975 1779 subducendo
1987 1745 2106 1791 ipsam
2120 1757 2243 1794 quan-

1366 1793 1416 1830 do
1435 1806 1572 1841 corpus
1599 1794 1813 1842 descendit)
1844 1797 2120 1846 investigentur
2146 1798 2244 1836 vires

1366 1847 1577 1893 absolutae3
1609 1847 1695 1884 dico
1713 1848 1817 1897 quod
1838 1849 1936 1885 vires
1954 1849 2032 1885 illae
2059 1850 2245 1888 absolutae

1366 1907 1456 1937 sunt
1475 1899 1514 1936 in
1534 1902 1798 1951 progressione
1815 1900 2047 1951 geometrica
2049 1929 2239 1943 ...........

1486 1990 1653 2030 PROP.
1681 1992 1762 2030 IX.
1824 1993 2049 2032 THEOR.
2075 1994 2179 2033 VII.

1316 2061 1456 2099 Positis
1470 2062 1551 2112 jam
1570 2063 1847 2108 demonstratis,
1879 2064 1965 2103 dico
1983 2066 2086 2115 quod
2106 2066 2137 2103 si
2156 2075 2241 2103 tan-

1365 2122 1498 2166 gentes
1530 2117 1764 2166 angulorum
1796 2119 1950 2155 sectoris
1981 2119 2177 2157 circularis
2203 2129 2243 2157 et

1365 2170 1519 2206 sectoris
1543 2170 1775 2218 hyperbolici
1799 2180 2002 2209 sumantur
2034 2173 2243 2210 velocitati-

1365 2223 1437 2259 bus
1455 2223 1769 2270 proportionales,
1799 2225 1986 2262 existente
2005 2225 2113 2263 radio
2124 2227 2242 2276 justae

1365 2275 1667 2324 magnitudinis:
1702 2277 1772 2315 erit
1805 2285 1958 2326 tempus
1977 2291 2092 2315 omne
2110 2292 2242 2317 ascen·

1367 2327 1485 2365 dendi
1513 2328 1563 2366 ad
1589 2329 1720 2366 locum
1748 2343 1947 2367 summum
1966 2339 2011 2369 ut
2029 2340 2151 2369 sector
2169 2332 2242 2369 cir-

1367 2381 1457 2426 culi,
1484 2390 1521 2419 et
1540 2390 1692 2431 tempus
1709 2396 1824 2421 omne
1843 2384 2097 2422 descendendi
2116 2399 2139 2423 a
2156 2385 2243 2423 loco

1366 2446 1518 2472 summo
1538 2443 1581 2473 ut
1598 2443 1719 2474 sector
1737 2437 1953 2486 hyperbolae
1954 2464 2234 2478 ................

1513 2522 1683 2561 PROP.
1707 2524 1761 2561 X.
1823 2525 2037 2564 PROBL.
2064 2526 2153 2564 III.

1316 2590 1470 2630 Tendat
1496 2592 1700 2630 uniformis
1726 2594 1791 2632 vis'
1808 2596 2003 2646 gravitatis
2022 2595 2165 2634 directe
2192 2596 2243 2634 ad

1365 2645 1525 2693 planum
1555 2646 1774 2695 horizontis,
1804 2650 1927 2700 sitque
1954 2650 2166 2687 resistentia
2193 2657 2239 2688 ut

1365 2698 1484 2735 medii
1511 2698 1677 2737 densitas
1703 2711 1741 2738 et
1768 2702 1997 2751 quadratum
2032 2703 2240 2740 velocitatis

1366 2752 1625 2802 conjunctim:
1663 2754 1870 2804 requiritur
1896 2764 1980 2793 tum
2008 2755 2126 2793 medii
2145 2755 2239 2793 den-

1368 2804 1457 2841 sitas
1483 2804 1523 2841 in
1542 2805 1635 2843 locis
1652 2807 1826 2858 singulis,
1856 2821 1943 2859 quae
1961 2809 2074 2847 faciat
2089 2818 2137 2854 vut
2154 2822 2238 2846 cor-

1366 2870 1439 2906 pus
1456 2857 1497 2894 in
1516 2857 1605 2896 data
1619 2859 1751 2909 quavis
1763 2861 1863 2899 linea
1882 2861 1998 2900 curva
2016 2870 2235 2910 moveatur;

1366 2917 1452 2948 tum
1470 2913 1638 2960 corporis
1664 2914 1843 2952 velocitas
1861 2923 1898 2953 et
1918 2914 2035 2953 medii
2062 2915 2240 2952 resisten-

1365 2964 1419 3001 tia
1435 2951 1476 3001 in
1494 2964 1586 3002 locis
1604 2966 1768 3018 singulis
1769 2995 2238 3008 ...........................

1465 3061 1635 3101 PROP.
1661 3064 1742 3102 XI.
1803 3065 2029 3104 THEOR.
2055 3066 2187 3105 V111.

1318 3130 1358 3170 Si
1372 3133 1518 3181 corpori
1530 3134 1727 3179 resistitur,
1741 3134 1877 3183 partim
1890 3134 1931 3172 in
1946 3135 2090 3173 ratione
2103 3135 2241 3174 veloci-

1367 3184 1466 3231 tatis,
1482 3187 1671 3234 partimin
1686 3187 1895 3225 velocitatis
1906 3190 2052 3227 ratione
2064 3188 2241 3237 duplica-

1367 3237 1418 3284 ta,
1435 3248 1473 3276 et
1485 3238 1587 3276 idem
1601 3239 1681 3277 sola
1694 3240 1730 3277 vi
1747 3240 1859 3278 insita
1877 3241 1917 3278 in
1935 3241 2065 3279 medio
2082 3241 2241 3279 similari

1367 3300 1566 3331 movetur:
1608 3300 1810 3330 sumantur
1836 3303 1968 3332 autem
1994 3302 2167 3344 tempora
2199 3295 2241 3332 in

1366 3345 1629 3395 progressione
1647 3346 1904 3386 arithmetica:
1928 3348 2159 3397 quantitates
2176 3361 2244 3385 ve·

1367 3396 1582 3436 locitatibus
1600 3398 1791 3447 reciproce
1810 3401 2122 3450 proportionales,
2152 3400 2243 3438 data.

1366 3449 1532 3500 quadam
1560 3452 1771 3502 quantitate
1795 3462 1931 3501 auctae,
1964 3462 2078 3492 erunt
2095 3454 2135 3491 in
2153 3466 2240 3503 pro-

1366 3503 1560 3553 gressione
1586 3506 1816 3555 geometrica
1821 3534 2239 3546 ........................

1477 3596 1648 3635 PROP.
1675 3597 1784 3636 XII.
1845 3599 2073 3637 THEOR.
2100 3599 2181 3637 IX.

1318 3665 1462 3707 Iisdem
1481 3668 1624 3716 positis,
1645 3667 1731 3706 dico
1749 3667 1852 3718 quod
1871 3669 1902 3706 si
1921 3669 2038 3718 spatia
2055 3669 2242 3717 descripta

1368 3728 1570 3758 sumantur
1604 3723 1644 3758 in
1686 3722 1948 3772 progressione
1992 3724 2239 3765 arithmetica,

1369 3773 1585 3811 velocitates
1603 3774 1691 3812 data
1710 3775 1876 3824 quadam
1895 3775 2107 3825 quantitate
2119 3786 2243 3813 auctae

1369 3835 1481 3866 erunt
1499 3826 1538 3865 in
1564 3827 1826 3878 progressione
1852 3826 2084 3879 geometrica
2088 3856 2241 3867 .........

2268 1079 2331 1112 ¹⁵³8·

2299 1275 2348 1308 42

2300 1910 2350 1945 49

2289 2443 2343 2478 52

2294 2974 2346 3008 63

2296 3510 2347 3545 94

2299 3831 2349 3867 96
