2502 4192
146 244 332 298 LIBER
360 235 632 312 Securum]
709 246 1108 299 PRINCIPIA
1161 243 1781 298 MATHEMATICA.
2190 254 2287 304 271

218 390 283 440 In
310 389 719 442 circumferentia
750 390 794 442 P
821 391 882 442 H
913 393 949 443 S
976 391 1010 441 h
1037 390 1305 459 capiantur
1342 389 1566 459 aequales
1603 407 1751 440 arcus
1782 388 1843 439 H
1868 389 1912 451 I,
1955 389 1981 440 I
2012 389 2064 440 K
2090 391 2169 441 vel
2197 390 2231 440 h
2258 392 2291 453 i,

142 481 158 529 i
184 480 235 541 k,
266 500 378 531 eam
403 480 652 533 habentes
681 483 933 533 rationem
960 483 1026 533 ad
1052 482 1513 533 circumferentiam
1543 492 1700 533 totam
1723 500 1876 550 quam
1902 480 2096 532 habent
2121 500 2294 551 aequa-

140 569 214 619 les
242 580 396 621 rectae
436 570 483 620 E
514 571 573 632 F,
618 571 661 621 F
690 571 742 623 G
780 572 846 621 ad
882 572 1125 640 pulsuum
1163 571 1488 622 intervallum
1531 582 1697 622 totum
1738 571 1784 622 B
1815 571 1874 622 C.
1955 571 2024 621 Et
2061 571 2293 623 demissis

139 660 521 728 perpendiculis
562 661 588 712 I
617 661 698 723 Μ,
732 662 784 712 Κ
814 662 864 712 Ν
890 663 969 713 vel
996 664 1012 712 i
1038 682 1107 724 m,
1135 663 1171 713 k
1196 682 1230 712 n
1246 682 1260 724 ;
1300 663 1545 731 quoniam
1582 674 1774 730 puncta
1804 664 1866 726 E,
1899 663 1957 726 F,
1989 663 2040 715 G
2068 664 2291 714 motibus

138 749 389 800 similibus
417 750 699 802 successive
726 752 1002 821 agitantur,
1041 763 1092 803 et
1116 752 1427 803 vibrationes
1455 771 1571 804 suas
1598 754 1823 824 integras
1851 772 1915 804 ex
1943 753 2018 804 itu
2046 765 2096 805 et
2120 754 2291 805 reditu

138 839 448 906 compositas
475 842 670 890 interea
694 851 952 910 peragunt
976 840 1101 891 dum
1126 841 1303 908 pulsus
1330 840 1635 891 transfertur
1660 861 1691 892 a
1719 841 1764 892 B
1786 841 1852 892 ad
1875 841 1920 893 C
1939 862 1952 903 3
1981 842 2022 892 si
2052 843 2096 894 P
2120 843 2179 893 H
2206 843 2289 894 vel

142 928 185 979 P
215 928 273 978 H
304 930 340 980 S
366 929 401 979 h
440 930 504 980 sit
540 917 741 997 tempus
779 930 843 981 ab
882 931 1027 981 initio
1065 931 1234 982 motus
1272 932 1450 999 puncti
1478 932 1541 994 E,
1584 933 1649 1000 (x)
1672 933 1768 983 erit
1797 933 1841 984 P
1869 933 1895 984 I
1923 933 2003 984 vel
2033 934 2076 985 P
2102 934 2163 984 H
2193 935 2229 986 S
2270 935 2289 986 i

139 1031 341 1088 tempus
380 1021 445 1072 ab
482 1022 629 1071 initio
666 1021 836 1072 motus
876 1023 1054 1089 puncti
1098 1023 1155 1084 F,
1197 1033 1248 1073 et
1276 1023 1319 1073 P
1342 1022 1394 1073 K
1421 1022 1500 1072 vel
1531 1022 1574 1073 P
1603 1023 1664 1074 H
1693 1025 1729 1075 S
1756 1023 1792 1073 k
1817 1033 2020 1092 tempus
2047 1025 2111 1075 ab
2139 1025 2286 1075 initio

137 1108 304 1160 motus
330 1110 511 1177 puncti
540 1109 620 1171 G3
661 1121 713 1161 et
740 1120 1015 1178 propterea
1043 1111 1089 1161 E
1117 1133 1148 1172 ε,
1181 1112 1224 1162 F
1252 1129 1297 1176 φ,
1329 1111 1382 1162 G
1407 1134 1439 1177 γ
1464 1123 1615 1162 erunt
1652 1112 1774 1179 ipsis
1805 1113 1849 1163 P
1877 1113 1939 1174 L,
1972 1114 2018 1164 P
2046 1114 2127 1175 M,
2159 1114 2204 1165 Ρ
2234 1114 2287 1165 Ν

136 1200 188 1249 in
214 1199 287 1249 itu
313 1210 626 1266 punctorum
652 1199 733 1250 vel
759 1200 881 1268 ipsis
912 1201 956 1252 P
981 1200 1014 1262 l,
1047 1201 1092 1252 P
1117 1219 1186 1263 m,
1220 1201 1263 1251 P
1284 1220 1317 1250 n
1345 1201 1396 1250 in
1423 1211 1733 1268 punctorum
1761 1201 1946 1264 reditu,
1977 1201 2039 1270 (θ’)
2062 1203 2286 1271 aequales

70 1323 73 1326 >
135 1289 432 1358 respective.
511 1291 669 1342 Unde
697 1313 712 1339 ε
739 1314 772 1357 γ
797 1310 888 1342 seu
928 1291 975 1342 E
1004 1291 1057 1343 G
1092 1301 1143 1352 ÷
1182 1291 1235 1343 G
1260 1314 1292 1358 7
1317 1323 1387 1344 .-—
1417 1290 1463 1342 E
1491 1313 1505 1340 ε
1531 1291 1584 1342 in
1611 1291 1685 1343 itu
1722 1301 2035 1361 punctorum
2073 1292 2287 1363 aequalis

134 1380 229 1431 erit
260 1380 305 1430 E
335 1380 387 1431 G
413 1412 484 1419 -—-
511 1380 558 1430 L
587 1381 654 1443 N,
696 1381 750 1431 in
789 1381 958 1433 reditu
987 1391 1159 1433 autem
1185 1383 1396 1451 aequalis
1420 1382 1466 1433 E
1496 1383 1550 1435 G
1585 1392 1636 1444 -ξ-
1670 1385 1688 1434 1
1714 1403 1764 1456 n.
1845 1386 1906 1452 (Ζ)
1943 1385 2046 1437 Sed
2074 1407 2088 1434 ε
2115 1408 2147 1452 7
2173 1386 2287 1436 lati-

132 1471 260 1521 tudo
287 1483 361 1523 est
388 1491 476 1523 seu
504 1473 753 1540 expansio
777 1474 937 1541 partis
964 1473 1121 1525 medii
1150 1474 1196 1524 E
1226 1474 1275 1525 G
1307 1474 1358 1523 in
1388 1474 1503 1524 loco
1533 1496 1548 1522 ε
1574 1495 1633 1541 73
1662 1485 1712 1526 et
1737 1486 2012 1543 propterea
2039 1477 2288 1543 expansio

131 1563 293 1629 partis
333 1563 467 1614 illius
496 1565 548 1614 in
575 1565 650 1615 itu
679 1575 755 1616 est
781 1565 847 1616 ad
874 1566 982 1634 ejus
1021 1565 1388 1633 expansionem
1429 1561 1761 1627 mediocrem,
1809 1576 1864 1616 ut
1904 1565 1951 1616 E
1981 1567 2033 1618 G
2061 1597 2131 1606 —-
2157 1567 2205 1617 L
2233 1567 2287 1618 N

132 1651 194 1719 (ἢ)
223 1651 289 1701 ad
319 1652 364 1702 E
394 1653 475 1713 G3
520 1653 574 1703 in
613 1654 782 1704 reditu
815 1663 988 1705 autem
1027 1665 1083 1704 ut
1123 1653 1249 1705 EG
1285 1661 1335 1714 4-
1372 1654 1450 1703 ln
1490 1672 1581 1704 seu
1622 1653 1668 1704 E
1697 1654 1751 1706 G
1785 1663 1836 1715 -{—
1873 1655 1920 1705 L
1949 1655 2002 1705 N
2040 1655 2105 1705 ad
2140 1657 2186 1706 E
2216 1657 2285 1709 G.

132 1741 310 1802 Quare
351 1742 414 1810 (¹³)
443 1742 561 1793 cum
590 1744 654 1794 sit
682 1745 729 1795 L
758 1745 811 1796 N
840 1745 905 1795 ad
938 1744 990 1795 K
1020 1743 1073 1794 H
1105 1755 1161 1794 ut
1190 1744 1214 1794 Ι
1246 1743 1309 1794 Μ
1343 1744 1411 1794 ad
1450 1744 1652 1795 radium
1682 1744 1734 1796 Ο
1766 1746 1825 1807 Ρ,
1865 1746 1928 1813 (0)
1959 1757 2009 1796 et
2038 1746 2090 1797 K
2121 1747 2182 1799 H
2220 1747 2288 1798 ad

132 1833 179 1883 E
208 1833 260 1885 G
286 1844 342 1884 ut
368 1835 778 1887 circumferentia
807 1837 850 1888 P
880 1836 940 1887 H
971 1836 1006 1887 S
1032 1835 1066 1884 h
1097 1835 1141 1886 P
1167 1835 1233 1885 ad
1265 1835 1310 1885 B
1340 1835 1401 1897 C,
1431 1835 1484 1885 id
1506 1845 1597 1897 est,
1628 1835 1667 1886 si
1694 1846 1919 1902 ponatur
1946 1836 1996 1886 V
2015 1855 2112 1903 pro
2139 1838 2287 1889 radio

129 1925 308 1975 circuli
336 1926 803 1978 circumferentiam
828 1927 1067 1978 habentis
1095 1925 1349 1995 aequalem
1376 1926 1646 1977 intervallo
1671 1926 1918 1993 pulsuum
1949 1928 1995 1978 B
2029 1927 2090 1989 C,
2134 1907 2197 1996 (θ’.)
2227 1939 2287 1980 ut

130 2014 182 2066 O
212 2015 255 2066 P
281 2015 346 2066 ad
375 2016 451 2077 V;
497 2026 548 2067 et
584 2036 650 2068 ex
687 2036 839 2088 aequo
867 2019 915 2070 L
944 2019 993 2069 N
1021 2017 1087 2068 ad
1117 2017 1163 2068 E
1192 2016 1244 2066 G
1271 2027 1328 2068 ut
1355 2017 1381 2068 I
1412 2017 1476 2068 M
1502 2017 1569 2067 ad
1595 2017 1673 2068 V:
1716 2017 1812 2069 erit
1847 2019 2095 2085 expansio
2121 2021 2283 2088 partis

94 2091 98 2095 ⁸
130 2108 177 2159 E
207 2108 260 2160 G
295 2109 537 2176 punctive
579 2110 781 2181 physici
810 2112 853 2162 F
877 2111 932 2161 in
969 2111 1084 2161 loco
1112 2132 1127 2159 ε
1152 2132 1184 2176 γ
1221 2110 1286 2161 ad
1338 2109 1709 2177 expansionem
1752 2109 2084 2173 mediocrem,
2128 2130 2283 2181 quam

126 2218 246 2268 pars
271 2199 359 2251 illa
385 2200 539 2252 habet
564 2202 617 2252 in
642 2202 757 2253 loco
785 2221 879 2254 suo
904 2202 1073 2271 primo
1115 2202 1161 2253 E
1191 2201 1261 2263 G,
1303 2201 1364 2269 (e)
1394 2211 1452 2252 ut
1476 2201 1527 2252 V
1553 2231 1624 2240 -
1651 2200 1678 2252 I
1708 2200 1773 2252 M
1808 2201 1875 2253 ad
1902 2202 1952 2253 V
1979 2203 2031 2252 in
2069 2203 2159 2266 itu,
2201 2215 2281 2256 ut-

183 2341 242 2393 (¹)
265 2344 286 2366 ³¹²
314 2344 399 2383 Erit
419 2346 456 2381 P
475 2344 502 2381 I
515 2346 572 2382 vel
592 2347 630 2383 P
645 2346 693 2382 H
702 2341 765 2383 Si.
818 2344 1013 2389 Quoniam
1030 2350 1172 2392 puncta
1226 2350 1370 2392 puncta
1389 2342 1460 2380 tria
1478 2342 1597 2380 medii
1616 2343 1845 2393 quiescentis
1873 2357 1942 2382 seu
1961 2352 2071 2382 motu
2092 2345 2277 2394 impresso

129 2395 180 2439 E,
205 2395 249 2438 F,
274 2395 324 2440 G,
352 2403 391 2433 et
408 2396 481 2433 alia
500 2396 690 2447 deinceps,
712 2397 881 2435 motibus
899 2398 1087 2434 similibus
1105 2409 1173 2445 per

128 2447 244 2484 medii
264 2449 583 2498 compressionem
603 2460 641 2488 et
660 2451 924 2488 dilatationem
952 2450 1168 2488 communi-

127 2501 222 2538 catis
252 2502 462 2540 successive
493 2503 700 2553 agitantur,
735 2505 871 2553 pulsus
902 2517 971 2553 per
1006 2503 1171 2554 aequalia

126 2556 248 2602 spatia
285 2554 323 2592 E
357 2555 401 2602 F,
440 2556 472 2593 F
504 2557 554 2601 G,
585 2558 653 2595 &c.
690 2558 904 2608 aequalibus
934 2557 1172 2606 temporibus

127 2615 371 2656 propagatur,
399 2607 565 2659 ideoque
592 2618 746 2659 tempus
764 2623 842 2661 quo
869 2610 1097 2648 transfertur
1124 2612 1172 2648 ab

130 2660 166 2697 E
186 2660 236 2697 ad
260 2661 305 2706 F,
335 2662 393 2699 vel
422 2664 472 2699 ab
504 2663 536 2700 F
554 2663 603 2700 ad
627 2664 676 2707 G,
707 2672 763 2701 est
789 2664 838 2702 ad
866 2673 1019 2713 tempus
1046 2672 1172 2702 totum

125 2726 203 2761 quo
222 2714 447 2752 transfertur
465 2729 488 2753 a
511 2716 546 2753 B
566 2715 615 2754 ad
639 2718 683 2761 C,
705 2725 744 2755 et
759 2730 837 2768 quo
856 2718 1010 2768 singula
1028 2724 1172 2766 puncta

130 2766 181 2812 E,
205 2766 250 2812 F,
275 2768 313 2805 G
333 2768 561 2806 vibrationes
579 2782 667 2807 suas
685 2770 853 2821 integras
871 2784 918 2807 ex
938 2771 995 2807 itu
1014 2778 1052 2807 et
1070 2770 1171 2807 redi-

126 2826 167 2855 tu
202 2821 431 2868 compositas
461 2822 680 2870 perficiunt,
713 2831 758 2860 ut
786 2824 952 2872 spatium
983 2824 1020 2861 E
1046 2824 1077 2860 F
1109 2823 1171 2860 vel

131 2873 163 2909 1³*
188 2874 225 2910 G
245 2873 293 2910 ad
312 2874 478 2921 spatium
509 2875 545 2913 Β
571 2876 615 2921 C,
645 2876 684 2912 in
703 2876 780 2926 qua
797 2877 943 2914 ratione
971 2877 1085 2914 etiam
1115 2884 1172 2914 est

125 2938 236 2962 arcus
258 2927 302 2963 H
325 2927 358 2972 Ι,
388 2927 448 2965 vel
471 2928 491 2965 I
515 2928 571 2972 K,
600 2928 649 2966 ad
677 2937 796 2967 totam
824 2930 1171 2968 circumferentiam

130 2978 164 3015 P
186 2979 229 3016 H
254 2979 280 3016 S
304 2980 349 3025 P,
386 2986 472 3031 (per
495 2981 623 3031 Hyp.)
653 2994 741 3032 quae
768 2991 921 3031 tempus
939 2991 1065 3020 totum
1093 2995 1170 3034 quo

125 3031 260 3080 pulsus
278 3046 301 3069 a
324 3034 357 3070 B
379 3033 427 3070 ad
444 3035 475 3072 C
488 3035 728 3081 transfertur,
745 3036 914 3085 exponit,
937 3045 974 3074 et
989 3036 1168 3074 differen-

126 3084 179 3122 tia
200 3084 297 3122 inter
315 3094 469 3135 tempus
488 3096 687 3136 sumptum
709 3091 757 3126 ab
769 3089 878 3127 initio
893 3088 1020 3126 motus
1035 3090 1169 3138 puncti

128 3138 165 3175 E
186 3146 225 3176 et
243 3147 395 3188 tempus
413 3149 612 3189 sumptum
631 3143 679 3179 ab
696 3142 806 3180 initio
825 3143 952 3181 motus
971 3143 1103 3191 puncti
1123 3143 1167 3189 F,

126 3198 183 3228 est
201 3198 353 3240 tempus
371 3192 469 3230 inud
488 3194 591 3243 quod
611 3195 748 3244 pulsus
766 3195 991 3234 transfertur
1002 3197 1051 3234 ab
1068 3196 1104 3234 E
1121 3196 1170 3234 ad

128 3244 174 3281 F.
238 3245 367 3288 Quare
385 3248 417 3284 si
438 3250 475 3285 P
493 3250 542 3285 H
556 3251 612 3287 vel
633 3251 669 3286 P
688 3251 737 3287 H
751 3252 779 3286 S
793 3252 816 3286 Ιι
836 3257 994 3299 exponat
1020 3258 1169 3300 tempus

124 3299 170 3335 ab
199 3299 304 3336 initio
332 3298 456 3337 monis
476 3303 620 3349 puncti
647 3303 700 3347 E,
724 3305 760 3340 P
778 3304 806 3340 I
819 3305 874 3341 vel
894 3306 932 3342 P
950 3305 999 3341 H
1013 3305 1087 3345 SI,
1109 3316 1169 3341 ez·-

120 3358 233 3400 ponet
251 3358 399 3401 tempus
417 3354 463 3390 ab
481 3355 592 3392 initio
610 3354 733 3393 nwtds
746 3358 888 3405 puncti
905 3358 952 3401 F,
974 3368 1065 3393 cum
1086 3356 1125 3393 H
1145 3355 1167 3394 I

125 3403 187 3440 vel
206 3404 232 3440 h
250 3403 264 3440 i
283 3412 448 3453 exponat
468 3404 723 3444 differentiam
744 3409 842 3446 inter
860 3416 1013 3456 tempus
1025 3411 1072 3446 ab
1095 3409 1169 3445 ini-

125 3457 181 3493 tio
200 3456 329 3495 motus
348 3458 482 3506 puncti
513 3459 564 3505 E,
599 3467 638 3498 et
659 3468 814 3511 tempus
832 3464 880 3500 ab
899 3461 1008 3500 initio
1035 3462 1170 3500 similis

69 3520 72 3523 ·
124 3509 253 3547 motus
274 3511 408 3558 puncti
431 3511 476 3557 F,
498 3513 567 3549 &c.

180 3562 237 3614 (y)
262 3566 282 3587 ⁹¹¹
303 3567 489 3615 AEquales
516 3566 711 3616 respective
740 3569 825 3619 (per
844 3568 959 3617 Prop.
985 3567 1085 3606 LII.
1110 3567 1171 3606 vel

127 3615 399 3655 XXXVIII.
428 3617 514 3655 Lib.
542 3619 615 3668 1.).

179 3668 238 3717 (²)
264 3672 282 3693 '⁸
305 3673 374 3709 Sed
394 3687 406 3710 ε
428 3689 456 3720 νγ
484 3679 538 3710 est
559 3674 719 3712 latitudo
751 3687 817 3713 seu
847 3676 1020 3725 expansio
1047 3677 1172 3724 partis

125 3724 241 3759 medii
262 3725 302 3761 E
326 3725 372 3770 G,
393 3727 435 3763 in
453 3727 530 3763 loco
551 3741 562 3763 ε
584 3743 623 3775 νγ,
644 3727 737 3776 quia
750 3735 940 3776 punctum
959 3728 995 3764 E
1012 3727 1170 3766 transla-

123 3781 210 3811 tum
230 3783 287 3813 est
313 3775 353 3813 in
381 3776 513 3815 locum
535 3794 561 3824 ι,
591 3786 627 3816 et
647 3788 835 3828 punctum
860 3781 897 3818 G
918 3781 956 3818 in
977 3780 1106 3818 locum
1128 3799 1167 3830 γ.

178 3842 235 3895 (²)
259 3850 279 3868 *⁸
302 3848 366 3884 Ad
395 3849 433 3886 Ε
467 3851 514 3888 G.
576 3850 681 3886 Nam
718 3849 811 3888 cum
851 3852 903 3897 E,
941 3852 986 3897 F,
1026 3853 1060 3890 G
1097 3853 1174 3889 sint

1226 2396 1402 2434 nondum
1422 2396 1646 2434 condensati
1665 2397 1725 2435 vel
1747 2398 1933 2443 rarefacfi,
1956 2399 2142 2447 expansio
2161 2399 2279 2436 medii

1225 2450 1266 2486 in
1286 2449 1372 2488 loco
1394 2450 1430 2487 E
1458 2450 1508 2496 G,
1540 2450 1744 2488 mediocris
1771 2464 1839 2488 seu
1860 2452 1968 2500 quasi
1989 2452 2120 2489 media
2143 2460 2198 2490 est
2216 2453 2277 2489 in.

1225 2510 1283 2541 ter
1315 2502 1520 2540 minimam
1548 2503 1669 2551 ipsius
1696 2504 1970 2553 expansionem
2001 2505 2042 2541 in
2071 2505 2168 2542 locis
2188 2505 2277 2554 pul-

1228 2569 1343 2594 suum
1360 2556 1606 2600 densissimis,
1620 2564 1659 2595 et
1668 2557 1878 2595 maximam
1893 2557 1934 2594 in
1949 2558 2043 2595 locis
2057 2559 2269 2597 rarissimis-

1281 2609 1336 2662 (b)
1360 2614 1449 2648 315.
1489 2613 1509 2634 ²*
1535 2613 1632 2649 Cum
1659 2613 1707 2649 sit
1725 2612 1763 2650 L
1785 2613 1838 2650 N
1856 2614 1908 2650 ad
1935 2613 1982 2649 K
2000 2614 2057 2650 H.
2121 2612 2274 2663 Anguli

1228 2662 1276 2701 ad
1297 2670 1471 2701 centrum
1496 2663 1516 2701 I
1541 2664 1578 2701 O
1603 2664 1639 2702 P
1656 2677 1837 2702 mensura
1855 2672 1911 2702 est
1925 2677 2036 2702 arcus
2058 2664 2078 2702 1
2095 2664 2130 2702 P
2144 2678 2273 2715 aequa-

1225 2716 1273 2753 lis
1291 2716 1451 2753 dimidio
1469 2717 1574 2754 arcui
1597 2717 1617 2754 Ι
1644 2718 1675 2755 P
1693 2717 1718 2759 i,
1740 2731 1810 2755 seu
1831 2718 1873 2755 K
1896 2718 1931 2756 P
1950 2717 1990 2762 k,
2011 2725 2050 2755 et
2068 2719 2203 2769 anguli
2223 2718 2273 2756 ad

1226 2769 1574 2807 circumferentiam
1610 2770 1652 2808 K
1686 2771 1730 2808 H
1759 2771 1798 2816 k,
1837 2784 2018 2809 mensura
2054 2779 2112 2809 est
2153 2772 2272 2809 etiam

1225 2822 1408 2860 dimidius
1426 2836 1536 2861 arcus
1558 2823 1600 2861 K
1623 2824 1657 2862 P
1676 2823 1714 2869 k,
1745 2833 1783 2862 et
1801 2823 1888 2862 ideo
1907 2824 2041 2875 anguli
2064 2824 2084 2862 1
2110 2824 2147 2863 O
2172 2825 2206 2863 P
2233 2832 2273 2863 et

1228 2876 1271 2913 K
1294 2876 1337 2912 H
1362 2876 1409 2922 L,
1439 2877 1606 2927 aequales
1624 2884 1727 2916 sunt.
1789 2878 1901 2915 Hinc
1923 2880 1954 2915 si
1974 2891 2020 2915 ex
2041 2885 2187 2925 puncto
2210 2878 2267 2924 K,

1225 2929 1436 2967 demissum
1466 2930 1704 2981 intelligatur
1730 2930 1780 2968 ad
1802 2931 1846 2968 H
1870 2931 1919 2977 L,
1948 2930 2269 2979 perpendiculum

1226 2982 1373 3033 aequale
1393 2983 1430 3020 L
1452 2984 1505 3029 N,
1535 2985 1607 3021 hoc
1626 2984 1946 3034 perpendiculum
1966 2997 2056 3021 cum
2074 2984 2270 3023 ordinata-

1223 3048 1313 3072 rum
1336 3036 1379 3072 H
1403 3037 1438 3074 L
1459 3043 1497 3074 et
1520 3037 1560 3074 K
1578 3038 1619 3075 N
1639 3036 1856 3075 differentia
1875 3046 1913 3074 et
1931 3050 2020 3074 cum
2041 3050 2133 3075 arcu
2151 3037 2269 3074 mini-

1223 3101 1289 3126 mo
1311 3089 1353 3126 K
1376 3090 1420 3127 H
1439 3090 1679 3140 triangulum
1707 3091 1914 3128 constituet
1932 3090 2056 3129 simile
2074 3091 2271 3141 triangulo

1226 3141 1355 3179 JOM.
1417 3143 1491 3180 Est
1519 3143 1639 3194 igitur
1665 3144 1702 3182 L
1724 3144 1765 3181 N
1791 3144 1841 3181 ad
1871 3144 1913 3181 K
1936 3144 1993 3190 H,
2025 3151 2071 3181 ut
2100 3144 2121 3182 1
2146 3145 2191 3182 Μ
2219 3144 2270 3182 ad

1230 3195 1249 3232 Ι
1276 3195 1313 3233 Ο
1333 3208 1402 3233 seu
1424 3197 1462 3234 Ο
1486 3197 1533 3233 Ρ.

1279 3248 1336 3299 (⁹)
1358 3252 1380 3273 ³*
1403 3252 1459 3288 Et
1477 3252 1650 3289 KHad
1668 3253 1710 3289 E
1733 3252 1767 3290 G
1788 3252 1874 3302 (per
1895 3250 2004 3300 Hyp.
2029 3251 2195 3301 supra).

1278 3301 1333 3352 (⁶¹)
1355 3305 1375 3326 ³*
1407 3305 1458 3342 Ut
1485 3306 1515 3342 0
1538 3307 1574 3341 Ρ
1598 3307 1648 3341 ad
1677 3306 1715 3341 V.
1775 3304 1877 3341 Sunt
1903 3304 2006 3341 enim
2034 3304 2268 3342 circulorum

1222 3355 1447 3403 peripheriae
1477 3356 1512 3393 P
1533 3356 1576 3394 H
1601 3357 1629 3394 S
1650 3357 1685 3395 P
1703 3364 1742 3395 et
1764 3358 1800 3395 B
1825 3357 1856 3395 C
1877 3356 1994 3394 radiis
2013 3358 2094 3396 suis
2116 3357 2153 3395 O
2178 3358 2212 3395 P
2229 3365 2269 3395 et

1226 3407 1263 3444 V
1283 3409 1597 3457 proportionales.

1274 3460 1336 3512 (ε)
1360 3465 1381 3486 *
1411 3464 1464 3501 Ut
1500 3465 1716 3502 V——IM
1737 3466 1787 3502 ad
1823 3465 1865 3501 V.
1927 3463 2034 3509 Quia
2066 3463 2169 3500 enim
2200 3464 2266 3514 (ex

1225 3516 2268 3617 dem.)LN=EG}}1,NI,eritEG—LN

1224 3631 1895 3700 =—-———-——V
1370 3637 1410 3677 Χ
1433 3633 1470 3669 Ε
1495 3633 1713 3735 G—VIM
1736 3634 1835 3679 ><E
1862 3635 2134 3712 G‚ethincE
2158 3666 2269 3704 G·-

1234 3749 1265 3786 L
1287 3749 1329 3786 N
1348 3748 1396 3786 ad
1419 3750 1455 3787 E
1481 3751 1518 3788 G
1537 3759 1583 3789 ut
1602 3752 1641 3788 V
1659 3774 1713 3783 —-
1737 3751 1754 3789 1
1778 3752 1826 3788 M
1845 3750 1894 3788 ad
1916 3751 1965 3788 V.
2019 3751 2075 3788 Et
2094 3750 2269 3789 similiter

1226 3804 1277 3839 ob
1301 3802 2268 3858 LN=1n,et1M=im‚eritEG-1-1n

1227 3855 1336 3893 adE
1362 3856 1827 3911 Gutv÷imadV.
