2502 4192
220 254 321 302 312
734 243 1299 299 PHILosoPfflAE
1340 205 1791 295 NATURALIS
1903 242 2085 306 [Mor.
2107 244 2355 297 Con-pon.

215 389 430 441 materia
454 388 661 441 vorticis
688 405 751 439 eo
775 385 984 437 fluidior
1010 384 1075 435 sit
1101 402 1204 453 quo
1228 381 1433 452 longius
1459 380 1614 433 distat
1650 400 1682 432 a
1706 389 1902 445 centro,
1942 382 2022 434 vel
2048 382 2355 448 resistentia,

212 473 332 549 'quae
357 479 520 530 oritur
545 496 612 529 ex
636 474 839 527 defectu
863 472 1169 524 lubricitatis
1194 470 1420 539 partium
1448 469 1611 532 fluidi,
1658 488 1726 521 ex
1763 468 1912 521 aucta
1950 471 2218 522 velocitate
2255 473 2355 542 qua

214 581 386 638 partes
414 567 557 620 fluidi
584 574 886 635 separantur
911 563 976 614 ab
1002 562 1238 623 invicem,
1274 570 1526 631 augeatur
1559 560 1614 610 in
1651 561 1846 628 majore
1883 560 2080 612 ratione
2107 560 2261 632 quam
2296 582 2356 614 ea

215 668 292 709 est
316 657 368 708 in
395 655 495 726 qua
521 653 762 706 velOcitas
789 660 1023 723 augetur.
1100 648 1343 711 Quorum
1380 657 1555 699 tamen
1591 658 1834 699 neutrum
1871 648 2058 699 rationi
2084 660 2354 702 consenta--

214 764 370 798 neum
394 744 610 795 videtur.
688 742 867 794 Partes
894 739 1170 792 crassiores
1196 748 1248 791 et
1266 737 1442 802 „minus
1467 736 1661 800 fluidae,
1698 737 1798 788 nisi
1823 756 2005 808 graves
2032 739 2133 791 sint
2156 741 2210 791 in
2237 760 2355 792 cen-

214 843 367 895 trum,
397 831 450 900 (i)
478 829 939 882 circumferentiam
963 836 1170 897 petent3
1215 836 1266 878 et
1301 825 1575 877 verisimile
1601 835 1679 876 est
1705 826 1862 895 quod,
1903 827 2103 879 etiamsi
2138 828 2354 881 demon-

213 922 515 975 strationum
540 920 704 991 gratia
729 918 1043 990 hypothesin
1068 917 1225 969 talem
1249 916 1396 967 initio
1425 915 1677 968 sectionis
1703 915 1857 986 hujus
1882 920 2256 986 proposuerim,
2296 932 2349 973 ut

213 1015 497 1068 resistentia
520 1014 779 1066 velocitati
815 1009 1215 1081 proportionalis
1254 1018 1402 1070 esset,
1453 1005 1514 1076 (¹³)
1543 1017 1716 1059 tamen
1752 1008 2041 1066 resistentia
2076 1010 2130 1060 in
2166 1012 2350 1068 minori

212 1104 277 1154 sit
301 1104 498 1154 ratione
524 1101 679 1172 quam
705 1121 766 1153 ea
790 1099 1073 1152 velocitatis
1100 1108 1193 1150 est.
1269 1096 1322 1165 (¹)
1354 1096 1478 1157 Quo
1515 1113 1774 1158 concesso,
1815 1106 2056 1164 tempora
2090 1099 2348 1167 periodica

210 1194 435 1261 partium
459 1192 668 1244 vorticis
689 1200 841 1242 erunt
865 1190 919 1241 in
943 1188 1127 1257 majori
1164 1185 1320 1256 quam
1358 1184 1616 1253 duplicata
1654 1184 1852 1237 ratione
1891 1186 2248 1239 distantiarum
2286 1191 2349 1241 ab

209 1285 368 1354 ipsius
407 1293 600 1336 centrO.
677 1281 837 1343 Quod
874 1280 917 1331 si
952 1279 1173 1331 vortices
1214 1276 1311 1346 (uti
1347 1275 1640 1345 aliquorum
1666 1285 1743 1328 est
1768 1277 1965 1345 opinio)
1995 1279 2210 1330 celerius
2237 1298 2349 1331 mo-

209 1385 426 1427 veantur
449 1393 614 1443 prope
640 1383 890 1434 centrum,
920 1370 1040 1422 dein
1065 1368 1261 1420 tardius
1287 1386 1450 1436 usque
1475 1366 1542 1417 ad
1568 1375 1764 1417 certum
1784 1366 2014 1431 limitem,
2042 1378 2153 1419 tum
2180 1370 2351 1421 denuo

210 1465 425 1517 celerius
463 1467 614 1534 juxta
658 1462 1150 1521 circumferentiam3
1193 1468 1331 1510 certe
1357 1476 1452 1508 nec
1477 1458 1610 1509 ratio
1647 1458 2007 1527 sesquiplicata
2048 1479 2215 1531 neque
2252 1462 2351 1513 alia

209 1556 401 1626 quaevis
427 1566 566 1606 certa
590 1573 650 1606 ac
676 1553 1014 1606 determinata
1033 1551 1264 1603 obtinere
1289 1558 1473 1618 potest.
1552 1550 1628 1617 (¹¹¹)
1659 1550 1900 1602 Viderint
1918 1551 2091 1621 itaque
2116 1552 2349 1620 philoso-

208 1645 300 1713 phi
327 1663 429 1714 quo
453 1654 609 1712 pacto
645 1643 1029 1712 phaenomenon
1065 1638 1196 1690 illud
1231 1637 1443 1689 rationis
1483 1638 1856 1707 sesquiplicatae
1881 1658 1976 1708 per
2002 1642 2220 1693 vortices
2259 1662 2349 1695 ex-

208 1735 387 1803 plicari
410 1734 586 1803 possit.

262 1878 313 1931 (¹)
336 1882 357 1905 *⁸
381 1880 737 1932 Circumferentiam
751 1885 892 1929 petent.
944 1876 995 1915 Id
1013 1871 1246 1924 experientia
1302 1871 1451 1911 Verum
1470 1884 1539 1922 per
1556 1870 1716 1910 alteram
1742 1871 1975 1923 analogiam,
2007 1887 2181 1912 arearum
2204 1875 2348 1915 scilicet

207 1940 379 1980 constat3
412 1946 502 1971 nam
522 1933 553 1970 si
572 1945 670 1982 aqua
689 1932 730 1968 in
758 1944 845 1969 vase
872 1937 1052 1968 contenta
1070 1929 1111 1965 in
1130 1927 1246 1965 vorti-
1299 1935 1337 1963 et
1357 1935 1589 1974 temporum,
1619 1925 1836 1963 velocitates
1856 1926 2029 1974 partium
2049 1929 2203 1965 vorticis
2222 1930 2346 1967 circu-

206 1998 289 2023 cem
305 1995 452 2036 agatur,
473 1986 591 2034 paleae
606 1993 643 2023 et
658 1984 732 2022 alia
746 1983 970 2033 corpuscula
984 1981 1113 2019 minus
1127 1979 1246 2018 fluida
1298 1979 1388 2016 laris
1407 1986 1498 2015 sunt
1515 1978 1554 2014 in
1576 1978 1719 2015 ratione
1738 1978 1903 2027 simplici
1925 1978 2193 2018 distantiarum
2214 1996 2236 2019 a
2258 1983 2347 2020 Sole

207 2047 345 2088 petunt
363 2039 723 2076 circumferentiam,
1299 2030 1509 2079 reciproce}-
1570 2031 1673 2068 Nam
1703 2031 1733 2067 SI
1762 2031 1916 2080 planeta
1940 2032 1985 2078 P,
2015 2034 2176 2071 orbitam
2206 2035 2346 2084 elllpti-

262 2091 321 2143 (k)
345 2096 365 2116 ’¹‘
395 2095 541 2131 Tamen
561 2093 773 2130 resistentia
792 2093 833 2130 z'n
852 2091 992 2130 minori
1017 2091 1065 2128 sit
1084 2088 1240 2127 ratione.
1299 2097 1383 2121 cam
1405 2085 1438 2121 P
1455 2099 1479 2136 q
1504 2087 1545 2131 Q
1563 2097 1588 2131 p
1607 2083 1797 2121 describat
1815 2093 1853 2122 et
1871 2084 1987 2123 radiis
2005 2086 2054 2123 ad
2074 2088 2300 2125 umbilicum
2321 2090 2348 2127 S

209 2144 318 2196 (vid,
341 2145 517 2182 ultimam
537 2152 616 2183 not,
635 2145 676 2182 in
695 2146 767 2182 hoc
785 2143 927 2192 δάιοι.)
1299 2137 1428 2175 ductis
1445 2150 1551 2175 areas
1570 2136 1737 2187 aequales
1758 2137 1785 2175 S
1805 2138 1839 2177 P
1856 2151 1895 2187 p,
1920 2139 1946 2176 S
1971 2139 2011 2184 Q
2027 2152 2064 2190 q,
2103 2142 2348 2189 tempusculo

260 2198 307 2249 (¹)
332 2201 352 2221 *⁵
379 2201 459 2241 Quo
480 2212 661 2237 concesso.
696 2198 795 2250 (Per
814 2205 891 2235 not.
908 2194 1025 2245 533.)
1755 2221 1779 2259 q
1871 2212 1915 2246 ᾗ,
2150 2210 2153 2213 ⁴

260 2250 327 2302 (¹¹¹)
352 2254 371 2275 *
404 2253 570 2289 Viderint
589 2253 716 2302 itaque
738 2251 954 2300 philosophi.
1016 2246 1239 2286 Difficultas
1810 2268 1812 2270 -
1936 2258 1983 2300 Q,

204 2306 349 2348 crescit,
380 2302 410 2341 si
430 2304 501 2341 tria
519 2304 635 2341 simul
663 2304 958 2354 conjungantur,
988 2314 1075 2351 quae
1094 2300 1241 2348 primus

204 2357 380 2394 omnium
418 2356 612 2404 Keplerus
642 2355 740 2394 mira
771 2355 975 2406 sagacitate
994 2367 1040 2391 ex
1066 2355 1240 2391 observa-

207 2408 376 2447 tionibus
411 2409 673 2447 astronomicis
708 2409 880 2447 deduxit.
955 2407 1133 2445 Primum
1169 2413 1238 2452 est,

204 2463 376 2511 planetas
403 2462 444 2499 in
477 2462 684 2511 ellipsibus,
722 2475 886 2513 quarum
913 2459 1141 2499 umbilicum
1173 2459 1240 2497 Sol

204 2523 377 2564 occupat,
397 2515 652 2554 revolutiones
670 2528 758 2553 suas
776 2527 967 2565 peragere.
1015 2512 1241 2551 Secundum

205 2576 262 2606 est
280 2568 450 2616 planetas
481 2568 655 2618 singulos
683 2567 800 2606 radiis
817 2568 866 2605 ad
888 2567 1017 2605 Solem
1035 2566 1171 2609 ductis,
1201 2573 1241 2603 et

204 2621 383 2659 satellites
400 2620 514 2658 rad-iis
532 2621 582 2658 ad
600 2634 714 2659 suum
735 2620 957 2670 primarium
978 2618 1114 2664 ductis,
1134 2631 1239 2656 areas

206 2674 416 2711 describere
435 2674 669 2765 tempor‘ffus
687 2673 999 2723 proportionales.
1061 2672 1238 2709 Tertium

205 2735 273 2773 est,
294 2735 466 2775 tempora
479 2727 584 2775 perio
613 2728 670 2765 ica
685 2727 925 2776 planetarum
940 2723 1039 2763 circa
1056 2725 1185 2762 Solem
1200 2731 1239 2763 et

203 2780 411 2818 satellitum
429 2779 528 2817 circa
546 2780 771 2828 primarium
789 2792 915 2824 suum,
936 2791 1016 2816 esse
1034 2777 1074 2814 in
1093 2778 1239 2816 ratione

204 2831 470 2884 sesquiplicata
501 2832 766 2871 distantiarum
794 2847 818 2871 a
843 2839 974 2871 centro
1002 2831 1063 2868 sui
1093 2830 1234 2869 motus.
2138 2816 2180 2861 P

208 2887 270 2923 Ex
291 2884 363 2923 hac
382 2886 626 2934 proportione
652 2886 846 2937 colligitur
873 2884 1112 2932 planetarum
1133 2884 1237 2923 velo-

205 2939 337 2991 citates
355 2939 395 2975 in
409 2938 663 2977 mediocribus
681 2939 866 2977 distantiis
877 2940 924 2975 ab
935 2936 1117 2974 umbilico
1131 2949 1238 2974 com-t

207 2992 317 3029 muni
336 3004 416 3029 esse
434 2991 624 3040 reciproce
643 2992 682 3028 in
701 2992 847 3030 ratione
874 2989 1140 3038 subduplicata
1159 2990 1235 3027 dis-

207 3045 409 3083 tantiarum
429 3044 593 3081 illarum.
630 3045 714 3083 Sint
728 3045 831 3082 enim
849 3045 903 3090 D,
923 3051 960 3081 et
977 3042 1016 3088 d,
1029 3043 1237 3081 mediocres

206 3098 445 3146 planetarum
478 3093 667 3136 distantPae
700 3099 737 3136 T
769 3106 808 3136 et
835 3106 863 3143 t,
902 3108 1037 3135 eorum
1065 3103 1237 3145 tempora

205 3150 404 3199 periodica,
425 3157 464 3187 et
481 3151 663 3200 quoniam
681 3151 721 3188 in
740 3150 902 3202 singulis
915 3149 1154 3199 planetarum
1174 3163 1236 3187 or-

205 3204 294 3241 bitis
329 3215 443 3252 parva
477 3211 533 3241 est
568 3203 757 3242 distantiae
787 3204 966 3241 maximae
996 3209 1036 3239 et
1065 3201 1238 3241 minimae

205 3255 433 3300 differentia,
469 3256 501 3292 si
533 3258 750 3295 conferatur
778 3270 869 3295 cum
900 3252 1118 3294 differentia
1149 3269 1236 3306 quae

206 3309 305 3347 inter
331 3308 527 3346 distantias
558 3309 726 3348 duorum
757 3310 998 3359 planetarum
1025 3308 1235 3355 intercedit,

207 3363 327 3410 spatia
350 3361 584 3408 temporibus
605 3364 640 3401 T
658 3374 696 3401 et
714 3371 741 3408 t,
771 3362 957 3412 descripta
982 3368 1095 3399 erunt
1121 3374 1239 3411 quam

207 3415 379 3463 proxime
410 3422 453 3449 ut
481 3414 672 3453 distantiae
695 3418 734 3454 D
755 3425 793 3454 et
811 3416 860 3463 d;
896 3414 999 3453 unde
1027 3413 1244 3454 velocitates
1299 3401 1390 3440 dam
1417 3410 1550 3447 ‘'effass
1584 3410 1716 3442 centro
1737 3405 1764 3443 S
1783 3412 1821 3443 et
1838 3403 1953 3444 radiis
1975 3407 2001 3445 S
2024 3407 2059 3445 P
2059 3437 2069 3452 2
2094 3407 2120 3445 S
2143 3407 2181 3452 Q
2198 3407 2338 3446 descri-

405 3465 445 3503 D
538 3466 564 3503 d
887 3469 928 3506 D
1072 3466 1099 3503 d
1187 3500 1196 3509 .
1299 3456 1441 3493 bantur
1458 3469 1569 3494 arcus
1586 3457 1790 3496 circulares
1807 3471 1924 3509 quam
1941 3460 2092 3497 minimi
2116 3460 2150 3497 P
2166 3474 2197 3507 r,
2222 3461 2261 3506 Q
2283 3462 2335 3507 R,

207 3507 321 3538 erunt
341 3508 383 3538 ut
400 3520 449 3569 'T
470 3506 509 3537 et
528 3521 589 3569 Τ,
616 3500 689 3539 hoc
707 3508 773 3545 est,
796 3508 841 3539 ut
863 3523 969 3572 153,
989 3506 1029 3537 et
1047 3521 1136 3569 (ΤΞ,
1166 3501 1245 3541 slve
1300 3508 1367 3557 qui
1387 3508 1503 3545 radiis
1524 3509 1550 3546 S
1577 3520 1619 3556 p,
1643 3511 1669 3548 S
1682 3522 1720 3559 q,
1740 3520 1922 3549 occurant
1940 3512 1980 3549 in
1996 3526 2026 3559 r,
2042 3520 2080 3550 et
2100 3515 2146 3557 R,
2169 3514 2239 3551 erit
2250 3527 2337 3551 area

928 3569 950 3598 2
1097 3569 1118 3598 2
1305 3561 2333 3614 SPp=Sp><Pr=SQq=Sq><QR‚

210 3636 255 3666 ut
275 3601 343 3658 -i-
382 3637 421 3667 et
439 3601 502 3659 —l-
552 3642 620 3668 seu
640 3629 680 3667 in
698 3631 821 3668 subdu
851 3629 966 3669 licata
993 3631 1139 3670 ratione
1166 3644 1247 3669 me·
1302 3620 1341 3650 et
1358 3614 1449 3652 hinc
1479 3615 1515 3652 P
1533 3627 1552 3651 r
1571 3630 1580 3654 ³
1608 3616 1649 3660 Q
1670 3617 1708 3653 R
1726 3631 1783 3652 =
1806 3617 1832 3654 S
1854 3618 1921 3661 Q²
1949 3618 1975 3655 S
1996 3618 2043 3656 P·
2104 3618 2179 3656 sed
2213 3619 2244 3656 P
2262 3632 2280 3655 r
2298 3629 2337 3657 et

279 3664 318 3700 D
338 3663 364 3713 -ξς
440 3664 466 3700 d
486 3656 524 3713 ξ’
825 3644 850 3680 p
1262 3693 1264 3695 -
1307 3667 1348 3710 Q
1369 3667 1407 3703 R
1434 3675 1525 3705 sunt
1552 3675 1598 3705 ut
1628 3670 1749 3716 spatia
1776 3669 1973 3707 circularia
2000 3672 2133 3708 codem
2165 3679 2336 3721 tempore

210 3715 400 3753 diocrium
420 3714 687 3754 distantiarum
709 3714 869 3761 inverse,
890 3715 929 3752 in
948 3713 1026 3763 qua
1044 3716 1158 3754 etiam
1187 3729 1248 3753 ra-
1301 3718 1488 3767 descripta
1499 3719 1661 3770 ideoque
1674 3729 1719 3758 ut
1731 3722 1946 3760 velocitates
1957 3723 2158 3761 circulares
2168 3725 2335 3771 partium

212 3767 314 3805 tione
334 3776 424 3806 sunt
444 3768 663 3805 velocitates
689 3769 856 3817 partium
886 3768 1037 3805 vorticis
1054 3769 1249 3806 circularis
1303 3772 1457 3810 vorticis
1487 3772 1527 3820 in
1558 3774 1604 3817 P,
1633 3781 1673 3811 et
1694 3775 1751 3820 Q3
1785 3774 1903 3825 quare
1920 3776 2133 3813 velocitates
2150 3777 2226 3813 illae
2245 3785 2336 3816 sunt

210 3820 251 3859 in
283 3821 474 3861 distantiis
511 3821 551 3859 D
570 3828 608 3858 ct
626 3820 663 3865 d,
685 3833 707 3858 a
730 3820 818 3859 Sole
839 3822 924 3871 (per
954 3821 1070 3871 Prop.
1095 3821 1247 3873 LIII.)
1302 3824 1343 3865 in
1376 3825 1522 3864 ratione
1552 3824 1704 3865 inversa
1732 3826 2009 3867 distantiarum.
2071 3828 2193 3868 Pom)
2217 3828 2335 3881 quam
