2502 4192
238 283 271 328 4
741 276 1305 331 PHILOSOPHIAE
1345 276 1797 329 NATURALIS

236 426 302 457 tur
335 420 373 463 b,
411 426 451 458 et
486 426 565 458 tam
596 420 638 458 in

235 485 395 511 ascensu
434 485 551 524 quam
595 474 638 510 in

237 525 424 576 descensu
451 526 639 564 scribatur

239 579 272 617 C
291 578 326 616 P
336 595 393 615 =
409 591 446 626 x,
466 579 638 630 ade6que
654 593 668 608 ⁶

234 631 276 668 in
296 644 468 678 ascensu,
498 644 523 668 x
541 654 595 662 —-
612 634 638 670 b

236 700 294 722 =
306 698 337 731 s,
355 692 394 723 et
412 684 438 722 d
452 697 476 721 x
490 701 547 721 =
562 684 589 722 d
602 698 633 732 s,

234 738 275 775 in
294 737 480 776 descensu
499 739 524 775 b
541 759 594 767 —
612 750 639 775 x

237 808 294 828 =
313 803 344 838 S,
364 799 403 829 et
419 813 474 822 ·—-
492 791 517 828 d
536 803 560 827 X
579 807 639 828 =

236 844 263 882 d
275 858 313 891 s;
334 845 365 881 si
380 843 466 882 loco
480 843 506 881 d
518 856 536 880 s
547 845 638 881 sub·

235 897 415 935 stituatur
432 897 553 947 ipsius
571 909 635 933 va·

235 950 294 988 lor
310 950 350 987 in
366 949 544 987 formulis
560 950 638 986 Co-

235 1003 305 1040 rol.
337 1008 370 1041 1.
404 1003 493 1055 (19)
525 1010 639 1040 erunt

233 1056 313 1093 illae
356 1068 427 1105 pro
476 1068 637 1093 ascensu

234 1122 262 1160 g
279 1109 306 1147 d
325 1122 350 1147 x
376 1109 429 1162 -Ι-
455 1122 475 1148 r
492 1108 518 1146 d
537 1121 561 1145 x
580 1125 638 1145 =

234 1184 287 1193 -·
314 1175 339 1200 v
365 1162 392 1199 d
419 1175 455 1209 v,
497 1169 535 1199 et
569 1174 639 1211 pro

234 1216 422 1253 descensu
452 1228 480 1266 g
497 1214 521 1252 d
542 1227 567 1251 x
587 1236 641 1244 —

234 1281 253 1305 r
272 1268 297 1306 d
317 1281 340 1305 x
359 1285 416 1304 =
437 1289 488 1298 —-
507 1281 531 1305 v
549 1268 576 1305 d
594 1281 628 1313 v,
658 1276 822 1316 quarum
848 1275 929 1302 una
953 1262 997 1301 in
1014 1263 1174 1302 alteram
1185 1264 1276 1312 abit,

235 1329 385 1359 mutato
399 1321 511 1372 signo
530 1322 570 1360 -Ι-
595 1320 657 1358 vel
674 1341 738 1362 —‚
760 1317 963 1368 quantitati
980 1330 1000 1354 r
1022 1317 1192 1366 praefixo.

287 1381 351 1413 23.
379 1373 553 1413 Lemma.
606 1373 647 1411 Si
674 1384 812 1420 corpus
829 1370 867 1407 vi
884 1368 1053 1419 qualibet
1071 1369 1280 1420 centripetii

235 1428 482 1466 sollicitatum
508 1439 666 1464 curvam
694 1425 734 1463 V
755 1424 791 1462 P
812 1423 842 1460 Z
870 1423 913 1460 in
936 1422 1065 1460 medio
1082 1423 1279 1461 resistente

236 1489 304 1519 aut
323 1481 438 1518 etiam
456 1480 497 1516 in
516 1492 638 1517 vacuo
649 1477 847 1522 describat,
866 1475 998 1526 visque
1012 1477 1220 1525 centripeta
1237 1477 1278 1513 in

236 1535 321 1572 loco
352 1533 486 1583 quovis
509 1533 543 1569 P
560 1532 756 1570 dividatur
781 1531 823 1567 in
849 1529 947 1566 vires
973 1529 1081 1575 duas,
1115 1542 1281 1580 quarum

236 1587 356 1625 altera
373 1586 623 1624 directionem
642 1586 779 1623 habeat
800 1583 836 1620 P
855 1583 892 1621 O
911 1583 1085 1632 tangenti
1107 1583 1141 1620 P
1158 1583 1195 1620 T
1212 1594 1281 1631 per

240 1641 276 1679 P
313 1640 440 1679 ductae
480 1638 706 1685 normalem,
749 1636 869 1676 altera
903 1635 1153 1675 directionem
1187 1648 1279 1674 cum

835 1767 976 1846 ΡΖ

248 3321 432 3365 tangente
477 3321 768 3364 congruentem,
815 3313 1047 3364 quadratum
1082 3313 1292 3352 velocitatis

249 3368 417 3417 corporis
435 3367 477 3405 in
495 3367 582 3405 loco
602 3368 646 3411 P,
676 3366 817 3416 exponi
837 3366 976 3414 poterit
992 3380 1061 3416 per
1077 3366 1223 3404 factum
1243 3379 1290 3404 ex

247 3421 284 3459 vi
299 3420 461 3459 normali
475 3421 601 3458 ductae
616 3420 656 3457 in
671 3420 821 3458 radium
836 3419 971 3458 circuli
984 3432 1141 3458 curvam
1158 3419 1197 3457 V
1208 3420 1242 3458 P
1256 3420 1287 3457 Z

249 3473 458 3512 osculantis
476 3473 517 3510 in
539 3473 585 3511 P.

305 3527 363 3565 Sit
384 3527 418 3564 P
441 3526 485 3572 C,
515 3526 635 3563 totius
660 3526 717 3562 vis
743 3524 962 3573 centripetae
990 3525 1160 3568 directio,
1194 3524 1229 3563 P
1251 3524 1288 3564 Ο

247 3580 376 3617 radius
394 3578 528 3625 osculi,
563 3578 598 3616 P
616 3591 641 3627 p
668 3591 779 3616 arcus
810 3591 937 3616 curvae
968 3577 1119 3616 infinite
1150 3591 1290 3626 parvus

247 3632 314 3683 qui
329 3632 504 3681 usurpari
522 3638 646 3680 potest
664 3644 733 3679 pro
760 3643 851 3668 arcu
881 3631 1013 3669 circuli
1042 3638 1172 3668 centro
1195 3631 1232 3669 Ο
1252 3638 1291 3668 et

250 3685 358 3722 radio
380 3686 417 3723 Ο
441 3685 476 3722 Ρ
503 3684 692 3732 descripti.
753 3682 948 3721 Velocitas
979 3683 1147 3732 corporis
1177 3684 1218 3720 in
1255 3683 1290 3722 P

250 3737 402 3775 dicatur
420 3751 455 3783 v,
484 3750 572 3787 quae
591 3750 658 3786 per
675 3749 808 3774 arcum
831 3737 865 3773 P
884 3749 908 3784 p
928 3744 1007 3774 tam
1027 3737 1067 3773 in
1086 3736 1214 3774 medio
1231 3749 1289 3773 re-

251 3790 407 3828 sistente
422 3803 540 3842 quam
553 3790 593 3828 in
609 3802 729 3828 vacuo
741 3789 939 3842 aequabilis
956 3796 1022 3836 est,
1041 3789 1102 3842 (6)
1124 3798 1163 3827 et
1176 3789 1292 3828 totius

1907 274 2083 339 [Mo'r.
2113 274 2364 326 Conpon.

1332 421 1390 458 vis
1413 421 1632 470 centripetae
1650 434 1736 470 pars
1755 421 1821 459 illa
1837 434 1923 473 quae
1950 420 2162 459 secundum
2190 419 2366 457 directio·

1335 487 1426 511 nem
1448 475 1480 511 P
1503 475 1541 513 0
1569 474 1662 524 agit,
1694 487 1762 512 seu
1789 475 1844 512 vis
1869 474 2050 512 normalis
2076 474 2225 512 dicatur
2254 474 2295 511 N
2323 480 2361 510 et

1331 527 1423 578 quia.
1439 527 1496 564 vis
1512 527 1734 565 resistentiae
1751 535 1797 565 ut
1813 526 1902 577 pote
1919 540 2068 576 semper
2092 526 2280 564 contraria
2306 526 2366 562 di-

1332 579 1488 617 rectioni
1507 580 1640 618 mobili
1670 580 1705 618 P
1726 581 1774 626 T,
1806 581 1867 633 (l)
1888 579 1965 618 vim
1984 579 2197 617 normalem
2217 580 2257 616 N
2285 591 2365 616 non
2416 623 2418 625 q

1332 633 1460 679 afficit,
1481 633 1553 671 erit
1570 633 1627 670 vis
1643 633 1711 671 illa
1731 634 1772 671 N
1789 634 1865 684 quii
1883 646 2020 682 corpus
2037 633 2079 670 in
2096 645 2188 670 arcu
2211 632 2246 669 P
2262 645 2288 679 p
2305 644 2365 667 re-

1331 686 1478 723 tinetur
1494 686 1536 723 in
1553 684 1682 724 medio
1699 686 1894 725 resistente
1913 686 2069 737 aequalis
2087 686 2123 723 vi
2147 685 2366 732 centripetae

1332 738 1409 789 quii
1429 750 1568 787 corpus
1585 739 1689 777 idem
1707 752 1798 776 cum
1817 739 1950 777 eadem
1964 739 2162 777 velocitate
2189 736 2366 787 aequabili

1332 803 1368 836 v,
1395 791 1437 828 in
1454 792 1583 829 medio
1600 805 1679 830 non
1705 792 1900 830 resistente
1926 792 2114 830 circulum
2141 790 2368 828 describeret

1332 845 1444 895 cujus
1462 852 1636 882 centrum
1660 846 1710 890 O,
1731 852 1769 883 et
1784 845 1914 883 radius
1935 845 1973 883 Ο
1992 844 2037 882 Ρ.
2075 845 2226 892 Corpus
2237 850 2367 880 autem

1333 897 1371 934 vi
1389 905 1586 936 constante
1615 899 1670 942 N,
1698 898 1943 936 sollicitatum
1962 897 2004 935 in
2024 910 2144 935 vacuo
2159 897 2206 934 de
2225 896 2310 934 loco
2332 896 2367 933 P

1333 949 1443 988 cadat
1460 963 1528 999 per
1545 951 1640 988 radii
1667 959 1813 999 partem
1842 952 1878 990 P
1898 952 1946 989 M
1973 951 2025 988 ita
2043 958 2088 987 ut
2106 962 2152 987 eo
2171 949 2280 997 lapsu
2304 961 2366 986 ac-

1332 1003 1458 1053 quirat
1476 1004 1708 1042 celeritatem
1725 1017 1748 1041 v
1766 1004 1841 1054 qua
1860 1004 1901 1041 in
1920 1003 2048 1041 medio
2066 1015 2144 1040 non
2172 1002 2367 1040 resistente

1333 1056 1523 1095 circulum
1549 1056 1776 1095 describeret.
1794 1058 1904 1108 cujus
1922 1066 2096 1095 centrum
2116 1063 2171 1093 est
2195 1056 2231 1094 O
2251 1062 2289 1093 et
2307 1068 2368 1092 ra-

1334 1108 1423 1147 dius
1454 1117 1510 1147 est
1545 1110 1582 1148 Ο
1607 1110 1666 1157 Ρ;
1696 1110 1820 1159 sitque
1851 1111 1887 1148 P
1906 1111 1953 1148 M
1971 1126 2028 1146 =
2048 1122 2078 1155 s,
2112 1109 2290 1147 velocitas
2322 1120 2368 1145 eo

1333 1162 1443 1211 lapsu
1462 1163 1645 1212 acquisita
1662 1163 1704 1200 in
1725 1164 1773 1201 M
1793 1163 1864 1201 erit
1882 1176 1973 1213 ergo
1991 1178 2047 1198 =
2068 1175 2103 1208 v,
2124 1172 2161 1199 et
2180 1162 2251 1199 erit
2280 1163 2362 1212 (20.

1334 1215 1420 1264 19.)
1444 1215 1483 1252 N
1502 1215 1528 1253 d
1546 1228 1565 1252 s
1582 1232 1639 1252 =
1658 1229 1681 1253 v
1700 1216 1727 1253 d
1745 1229 1779 1262 v,
1808 1217 2046 1266 sumptisque
2063 1215 2271 1253 fluentibus
2294 1215 2331 1252 N
2350 1227 2369 1251 s

1330 1283 1388 1305 =
1408 1268 1436 1295 -ἱ
1456 1280 1479 1304 v
1497 1280 1531 1312 v,
1553 1275 1592 1306 et
1611 1273 1635 1306 2
1655 1269 1695 1306 N
1715 1282 1733 1306 s
1750 1284 1806 1304 =
1822 1282 1844 1305 v
1863 1282 1896 1306 v.
1952 1269 2028 1307 Sed
2046 1268 2209 1305 altitudo
2228 1280 2274 1305 ex
2292 1266 2366 1317 quzi

1332 1333 1470 1370 corpus
1496 1321 1533 1357 vi
1554 1328 1751 1359 constante
1772 1322 1812 1359 N
1831 1321 2075 1359 sollicitatum
2102 1320 2144 1357 in
2168 1332 2289 1362 vacuo
2306 1333 2369 1357 ca·-

1333 1373 1424 1411 dere
1441 1373 1555 1412 debet
1571 1381 1617 1411 ut
1634 1374 1874 1412 velocitatem
1900 1374 2071 1425 acquirat
2097 1372 2286 1423 aequalem
2313 1372 2370 1409 illi

1332 1438 1423 1464 cum
1442 1426 1519 1476 quii
1537 1427 1727 1465 circulum
1754 1428 1883 1476 ipsum
1911 1427 2098 1471 describit,
2131 1434 2188 1464 est
2215 1426 2371 1475 aequalis

1332 1479 1493 1517 dimidio
1518 1479 1616 1517 radii
1646 1481 1681 1518 P
1703 1480 1751 1525 O,
1786 1482 1893 1532 (119.
1920 1481 2008 1518 Lib.
2037 1480 2093 1529 1.)
2123 1492 2216 1529 ergo
2235 1484 2259 1516 2
2278 1492 2296 1515 s
2313 1495 2370 1515 =

1334 1532 1990 1580 POet2Ns=vv=N><
2018 1533 2124 1571 ΡΟ.
2173 1532 2333 1577 aad.

1387 1603 1450 1636 24.
1477 1601 1594 1639 Cor-ol.
1618 1604 1651 1637 1.
1686 1599 1832 1639 Iisdem
1850 1601 1993 1649 positis,
2022 1599 2141 1638 totius
2159 1599 2215 1637 vis
2234 1599 2372 1637 centri-

1333 1651 1557 1703 petaejuxta
1570 1653 1819 1691 directionem
1838 1654 1872 1692 P
1888 1655 1919 1693 C
1939 1653 2114 1704 urgentis
2127 1666 2172 1690 ea
2189 1665 2275 1702 pars
2286 1665 2373 1702 quae

1335 1704 1551 1743 secundum
1578 1705 1827 1744 directionem
1846 1707 2039 1757 tangentis
2073 1706 2109 1744 P
2129 1707 2166 1744 T
2183 1706 2277 1757 agit,
2305 1718 2374 1743 seu

1336 1757 1393 1795 vis
1411 1758 1654 1810 tangentialis
1666 1759 1708 1796 in
1731 1760 1764 1798 P
1782 1760 1932 1798 dicatur
1953 1760 1989 1798 T
2010 1760 2221 1798 resistentia
2232 1757 2376 1796 ibidem

1336 1823 1368 1855 r,
1389 1823 1498 1850 arcus
1522 1812 1557 1850 V
1580 1812 1614 1850 P
1632 1825 1662 1858 s,
1681 1813 1844 1864 ideoque
1866 1813 1901 1852 P
1919 1826 1945 1863 p
1962 1830 2019 1851 =
2038 1812 2065 1851 d
2083 1825 2113 1858 S,
2133 1820 2172 1851 et
2189 1812 2220 1850 si
2238 1824 2376 1860 corpus

1339 1863 1546 1911 descendit,
1566 1865 1639 1903 erit
1654 1866 1692 1904 T
1710 1865 1736 1904 d
1754 1879 1773 1904 s
1789 1887 1844 1897 —
1860 1879 1881 1904 r
1898 1866 1924 1904 d
1942 1879 1961 1904 s
1977 1883 2034 1904 =
2053 1879 2078 1903 v
2096 1865 2123 1903 d
2139 1868 2267 1918 v(18.
2289 1865 2373 1914 19.)

1339 1917 1428 1968 quia
1445 1917 1503 1955 vis
1519 1918 1764 1970 tangentialis
1780 1926 1933 1958 motum
1950 1919 2135 1959 accelerat
2148 1926 2186 1959 et
2198 1919 2255 1956 vis
2265 1918 2377 1955 resis-

1339 1970 1470 2008 tentIae
1488 1970 1657 2011 eundem
1674 1971 1851 2017 retardat,
1875 1972 1931 2010 vis
1949 1980 2080 2011 autem
2097 1971 2280 2010 normalis
2305 1983 2377 2009 nec

1341 2023 1525 2062 accelerat
1552 2036 1623 2063 nec
1640 2024 1817 2063 retardat.
1878 2026 1955 2064 Sed
1981 2026 2013 2064 si
2031 2038 2170 2074 corpus
2192 2023 2375 2070 ascendit,

1341 2075 2377 2131 eritTds4rds=—vdv(18.l9.)vitan-

1340 2129 1500 2179 gentiali
1530 2138 1569 2169 et
1593 2131 1806 2171 resistentia
1831 2138 1982 2170 motum
2000 2132 2166 2183 corporis
2184 2131 2301 2169 simul
2318 2143 2377 2168 re-

1340 2182 1593 2222 tardantibus.

1394 2252 1458 2288 25.
1495 2253 1613 2289 Corol.
1637 2255 1674 2288 2.
1719 2252 1776 2290 Sit
1798 2252 1831 2291 C
1850 2251 1991 2290 virium
2009 2261 2196 2296 centrum,
2226 2250 2282 2289 vis
2299 2257 2380 2288 tota

1340 2302 1549 2352 centripeta
1579 2303 1618 2340 in
1645 2304 1852 2344 directione
1883 2306 1918 2344 P
1941 2306 1973 2344 C
1990 2317 2133 2357 urgens
2150 2321 2207 2341 =
2225 2318 2263 2355 g,
2288 2305 2321 2342 C
2344 2304 2380 2342 P

1340 2371 1397 2392 =
1415 2368 1452 2404 y,
1471 2356 1502 2394 C
1515 2356 1551 2394 T
1569 2358 1741 2406 tangenti
1755 2357 2081 2407 perpendicularis
2092 2371 2194 2407 =p,
2216 2357 2379 2407 ideoque

1344 2419 1584 2472 PT=4J
1607 2435 1845 2472 yy—pp.
1904 2423 2187 2471 Expunctop‚
2214 2421 2322 2459 alteri
2345 2423 2380 2461 P

1342 2472 1493 2511 infinite
1511 2474 1726 2524 propinquo
1749 2475 1959 2515 demissum
1977 2476 2026 2514 sit
2043 2475 2092 2513 ad
2114 2476 2147 2515 C
2166 2475 2200 2512 P
2217 2487 2380 2524 perpen-

1341 2525 1517 2564 diculum
1548 2540 1574 2576 p
1592 2539 1622 2573 r,
1655 2535 1701 2566 ut
1727 2528 1776 2567 sit
1801 2543 1828 2579 p
1846 2542 1866 2567 r
1882 2545 1939 2567 =
1954 2529 1982 2567 d
2004 2542 2039 2579 y,
2073 2536 2113 2567 et
2140 2527 2379 2579 triangulum

1345 2579 1381 2617 P
1398 2591 1417 2615 r
1434 2592 1472 2629 p,
1493 2580 1616 2618 simile
1634 2580 1828 2632 triangulo
1850 2583 1885 2622 P
1906 2583 1942 2621 T
1963 2583 2009 2628 C,
2038 2589 2077 2620 et
2094 2581 2164 2619 erit
2185 2581 2221 2619 P
2238 2594 2263 2629 p
2284 2582 2329 2634 (d
2343 2583 2378 2632 s)

1342 2680 1402 2717 :p
1422 2679 1440 2703 r
1459 2666 1504 2719 (d
1523 2667 1566 2717 y)
1595 2682 1651 2703 =
1670 2666 1783 2705 Pe:
1811 2667 2143 2718 PT=g:T=
2165 2633 2294 2738 gddsy‚
2313 2667 2382 2707 ubi

1342 2752 1621 2791 observandum
1640 2759 1696 2790 est
1714 2751 1740 2791 d
1758 2765 1796 2802 y,
1815 2765 1896 2791 aese
1914 2752 2195 2799 affirmativam,
2224 2753 2380 2803 quando

1342 2813 1533 2844 crescente
1541 2817 1633 2843 arcu
1650 2806 1687 2844 V
1703 2805 1739 2843 P
1752 2805 1830 2843 sive
1843 2818 1871 2850 s,
1888 2806 2021 2845 crescit
2034 2806 2148 2845 etiam
2163 2813 2264 2844 recta
2283 2807 2315 2845 C
2331 2807 2378 2852 P,

1344 2871 1413 2897 seu
1431 2872 1467 2910 y,
1496 2858 1539 2897 id
1556 2866 1624 2904 est,
1644 2858 1799 2909 quando
1816 2871 1954 2908 corpus
1971 2858 2153 2905 ascendit,
2182 2866 2221 2896 et
2247 2860 2380 2897 contra

1345 2911 1372 2949 d
1397 2925 1423 2962 y
1458 2924 1540 2950 esse
1579 2911 1810 2964 negativam,
1856 2911 1953 2951 dum
1992 2924 2131 2961 corpus
2170 2911 2378 2958 descendit,

2139 2977 2166 3014 g
2184 2964 2210 3001 ‘¹
2228 2977 2263 3034 y.
2317 2998 2378 3035 Hi

2168 3030 2195 3067 d
2214 3043 2233 3067 s

1345 3080 1491 3119 valores
1509 3081 1565 3118 vis
1589 3080 1832 3132 tangentialis
1853 3082 1901 3128 T,
1932 3082 2209 3120 substituantur
2234 3082 2276 3119 in
2303 3082 2378 3118 fov-

1345 3134 1462 3171 mulis
1479 3134 1680 3172 Corollarii
1703 3139 1736 3173 1.
1752 3142 1790 3173 et
1802 3136 1926 3173 ambae
1939 3135 1979 3172 in
1998 3136 2096 3172 hanc
2110 3137 2377 3181 mutabuntur,

1343 3186 1939 3240 gdy4rds=quw

1398 3260 1462 3294 26.
1495 3257 1610 3295 Corol.
1630 3261 1667 3294 8.
1708 3255 1813 3301 Quia
1828 3256 1901 3304 Pp
1918 3255 1961 3305 (d
1975 3255 2035 3304 s):
2054 3268 2112 3305 pr
2132 3256 2240 3308 (td
2257 3255 2300 3305 y)
2320 3271 2376 3293 =

1348 3318 1438 3357 PC
1466 3319 1560 3371 (y):
1588 3319 1680 3358 PT
1709 3321 2047 3372 (yyy—pp)
2076 3320 2148 3358 erit
2175 3320 2380 3367 ds=ss

1433 3385 1457 3421 y
1476 3372 1502 3410 d
1521 3386 1547 3422 y
1643 3437 1657 3458 ,
1689 3410 1821 3463 (signo
1839 3411 2025 3461 superiori
2052 3424 2123 3461 pro
2153 3423 2312 3449 ascensu
2341 3416 2380 3447 et

1342 3450 1835 3550 iiilfeiign-pi’opdescensu
1871 3502 2085 3552 usurpato.)
2145 3499 2277 3548 Quare
2312 3500 2378 3539 fiet

1342 3555 2241 3645 εᾶγ-Ι-τᾶεε-εᾶνὲ-Ᾰ-Ψ-Υτ-

1342 3694 1366 3720 v
1384 3682 1461 3774 (ἒξ.
1498 3739 1614 3775 Corol.
1637 3741 1674 3774 4.
1710 3737 1751 3775 Si
1768 3736 1895 3775 radius
1912 3736 2033 3774 osculi
2053 3737 2087 3774 P
2105 3736 2143 3775 Ο
2162 3736 2312 3775 dicatur
2325 3736 2381 3783 R,

1345 3796 1402 3827 est
1423 3788 1511 3840 (Σὲ-’ἣ
1537 3790 1572 3828 R
1595 3794 1638 3837 Χ
1662 3789 2377 3841 N=v²,etquiay:p=g:N,

1345 2995 1518 3047 adeoque
1546 2996 1588 3033 in
1614 2997 1687 3034 hoc
1714 3008 1805 3035 casu
1830 2996 1914 3037 fieri
1944 2997 2055 3036 T=
2072 3019 2126 3027 —
