2502 4192
269 256 370 301 318

423 402 594 441 PROP.
621 401 756 439 XIII.
818 397 1043 437 THEOR.
1069 395 1126 435 X.

266 470 397 510 Posito
423 469 528 519 quod
555 481 692 516 corpus
717 468 766 505 ab
792 463 976 503 uniformi
1001 463 1186 514 gravitate

313 523 492 561 deorsum
511 530 714 559 attractum
733 517 835 556 recta
852 516 1021 554 ascendit
1040 516 1099 553 vel
1117 516 1187 553 de-

314 576 460 613 scendit
472 590 483 623 ;
500 582 538 612 et
550 573 654 625 qued
667 572 789 610 eidem
801 571 986 609 resistitur
997 570 1134 619 partim
1145 571 1187 605 in

313 630 460 667 ratione
475 626 691 671 velocitatis,
712 625 850 674 partim
867 624 907 659 in
927 622 1097 672 ejusdem
1127 635 1186 659 ra-

314 683 417 720 tione
429 680 638 729 duplicata:
656 679 743 716 dico
757 676 911 726 quod,si
922 676 1054 712 circuli
1067 683 1105 712 et
1115 675 1184 724 hy.

314 735 478 784 perbolae
490 732 682 770 diametris
694 730 883 779 parallelae
893 736 1005 766 rectae
1016 740 1083 776 per
1094 740 1185 765 con-

307 790 530 838 jugatarum
551 786 822 822 diametrorum
841 782 1023 820 terminos
1041 781 1184 819 ducan-

315 850 388 884 tur,
417 848 456 877 et
473 838 689 875 velocitates
707 836 783 874 sint
798 843 841 873 ut
855 845 1053 885 segmenta
1078 846 1186 884 quae-

314 893 403 931 darn
430 891 696 941 parallelarum
714 902 738 927 a
755 888 845 926 dato
872 896 1017 936 puncto
1043 886 1182 933 ducta;

314 954 484 993 tempora
499 952 609 981 erunt
629 950 673 980 ut
690 953 864 980 arearum
883 949 1053 985 sectores,
1074 948 1185 977 rectis

314 1011 337 1036 a
355 1008 484 1035 centro
498 997 546 1034 ad
560 1002 845 1045 segmentorum
861 993 1042 1031 terminos
1060 992 1185 1031 ductis

314 1051 488 1089 abscissi:
522 1059 561 1087 et
579 1046 712 1086 contra
716 1073 1182 1086 ...........................

424 1146 593 1185 PROP.
618 1144 744 1183 XIV.
805 1143 1030 1183 THEOR.
1056 1142 1134 1180 XI.

265 1219 407 1258 Iisdem
426 1219 568 1268 positiS,
597 1217 683 1256 dico
709 1216 813 1267 quod
839 1216 1005 1265 spatium
1026 1226 1183 1252 ascensu

316 1273 374 1310 vel
388 1272 572 1309 descensu
583 1271 825 1318 descriptum,
846 1276 901 1306 est
915 1276 959 1306 ut
973 1266 1185 1305 differentia

315 1339 412 1362 areae
426 1337 492 1374 per
503 1337 618 1374 quam
633 1331 783 1372 tempus
798 1322 1011 1370 exponitur,
1033 1328 1070 1358 et
1088 1333 1183 1358 areae

316 1377 515 1428 cujusdam
534 1377 688 1415 alterius
705 1388 792 1426 quae
810 1383 973 1425 augetur
990 1374 1051 1410 vel
1069 1374 1181 1411 dimi-

316 1433 448 1468 nuitur
481 1430 523 1467 in
558 1429 819 1480 progressione
854 1426 1091 1465 arithmetica
1101 1441 1113 1474 3
1151 1426 1183 1463 si

315 1485 413 1520 vires
430 1496 478 1521 ex
496 1482 705 1520 resistentia
718 1489 756 1519 et
772 1481 954 1532 gravitate
965 1478 1184 1528 compositae

314 1544 515 1584 sumantur
532 1537 575 1573 in
589 1535 847 1586 progressione
864 1532 1106 1585 geometrica.
1114 1559 1123 1570 .
1133 1559 1142 1571 .
1151 1560 1161 1571 .
1169 1560 1180 1571 .

421 1637 591 1675 PROP.
618 1636 715 1675 XV.
776 1636 1000 1675 THEOR.
1027 1636 1134 1675 XII.

267 1707 309 1746 Si
335 1706 453 1744 medii
479 1706 644 1744 densitas
670 1706 711 1743 in
737 1706 829 1744 locis
846 1706 1008 1757 singulis
1026 1706 1074 1744 sic
1090 1706 1185 1744 reci-

317 1759 431 1809 proce
464 1767 506 1797 ut
534 1760 711 1797 distantia
742 1760 912 1797 locorum
931 1768 1094 1797 acentro
1113 1760 1185 1796 im-

318 1813 463 1858 mobili,
492 1813 616 1862 sitque
635 1812 690 1849 vis
708 1813 914 1861 centripeta
933 1813 973 1848 in
991 1810 1185 1861 duplicate.

318 1866 462 1903 ratione
471 1865 679 1903 densitatis:
699 1865 784 1903 dico
798 1865 901 1914 quod
912 1878 1050 1914 corpus
1059 1879 1110 1916 gy
1116 1866 1186 1903 rari

318 1926 439 1966 potest
450 1919 489 1955 in
504 1918 730 1967 spirali‚quae
744 1918 868 1956 radios
878 1931 1011 1956 omnes
1024 1931 1047 1956 a
1057 1927 1187 1957 centro

318 1972 385 2008 illo
404 1971 538 2009 ductos
556 1978 755 2009 intersecat
772 1971 812 2008 in
827 1971 971 2023 angulo
989 1971 1078 2010 dato
1082 1999 1181 2011 ......

390 2072 560 2111 PROP.
586 2073 709 2111 XVI.
771 2075 997 2113 THEOR.
1023 2075 1158 2114 XIII.

271 2142 312 2181 Si
330 2142 446 2179 medii
473 2141 638 2180 densitas
656 2143 696 2180 in
715 2143 807 2181 locis
832 2144 993 2195 singulis
1020 2145 1068 2182 sit
1094 2145 1188 2183 reci-

320 2193 433 2243 proce
459 2203 505 2233 ut
531 2197 708 2234 distantia
726 2197 897 2234 locorum
915 2211 938 2236 a
956 2206 1086 2236 centro
1113 2198 1187 2234 im-

320 2247 466 2292 mobili,
500 2248 623 2297 sitque
642 2250 698 2285 vis
715 2251 921 2298 centripeta
938 2250 1128 2299 reciproce
1147 2257 1192 2289 ut

321 2300 486 2350 dignitas
500 2301 678 2351 quaelibet
689 2302 858 2353 ejusdem
871 2303 1080 2342 distantiae:
1105 2305 1192 2342 dico

323 2354 425 2403 quod
445 2366 582 2403 corpus
608 2356 733 2405 gyrari
752 2364 873 2404 potest
889 2356 930 2393 in
948 2357 1076 2405 spirali
1103 2369 1191 2407 quae

324 2405 448 2443 radios
477 2419 609 2445 omnes
627 2421 649 2444 a
667 2416 796 2446 centro
827 2409 894 2446 illo
921 2411 1056 2448 ductos
1073 2410 1189 2448 inter-

325 2466 425 2496 secat
441 2459 482 2495 in
500 2460 646 2511 angulo
663 2460 752 2499 dato
755 2488 1189 2503 .........................

424 2560 595 2600 PROP.
616 2562 763 2600 XVII.
824 2563 1038 2603 PROBL.
1064 2565 1139 2605 IV.

277 2631 457 2669 Invenire
475 2640 514 2670 et
531 2633 608 2669 vim
627 2634 874 2682 centripetam
894 2642 931 2672 et
948 2635 1066 2674 medii
1084 2637 1193 2674 resis-

329 2685 498 2730 tentiam,
526 2683 605 2735 qufi
623 2698 760 2735 corpus
779 2687 820 2724 in
839 2686 928 2726 data
946 2689 1085 2737 spirali,
1106 2689 1195 2728 data

325 2737 532 2776 velocitatis
549 2738 635 2790 lege
652 2739 793 2777 revolvi
812 2747 945 2790 potest.
952 2768 1191 2783 ..............

424 2824 595 2864 PROP.
622 2825 798 2865 XVIII.
860 2828 1071 2869 PROBL.
1099 2832 1147 2869 V.

277 2891 382 2932 Data
412 2894 498 2945 lege
529 2895 584 2933 vis
615 2897 842 2947 centripetae‚
879 2899 1050 2940 invenire
1080 2902 1198 2939 medii

327 2946 552 2986 densitatem
578 2949 618 2985 in
641 2949 733 2987 locis
760 2950 932 3002 singulis,
961 2954 1036 3003 qua
1060 2956 1197 3003 corpus

1211 363 1273 393 rag.

1239 1048 1287 1084 97

1213 1535 1287 1570 102

1213 1975 1288 2009 115

1225 2748 1298 2782 124

326 3000 454 3038 datam
473 3001 649 3050 spiralem
676 3002 859 3042 describet
861 3032 1191 3047 ...................
1204 3007 1294 3046 ibid.

414 3088 586 3128 PROP.
612 3090 735 3128 XIX.
797 3092 1022 3132 THEOR.
1049 3095 1167 3134 XIV.

281 3158 410 3197 Fluidi
439 3160 666 3211 homogenei
685 3170 723 3199 et
741 3159 903 3209 immoti,
931 3164 1035 3214 quod
1053 3165 1093 3202 in
1113 3178 1197 3203 vase

328 3224 557 3262 quocunque
575 3214 736 3253 immoto
755 3215 946 3254 clauditur
973 3225 1011 3255 et
1029 3218 1199 3268 undique

329 3265 604 3313 comprimitur,
624 3275 748 3316 partes
761 3281 894 3307 omnes
915 3270 1095 3320 (seposita
1108 3284 1199 3310 con-

329 3316 570 3362 densadonis,
588 3321 790 3369 gravitatis,
812 3330 850 3359 et
865 3322 1003 3360 virium
1023 3324 1199 3362 omnium

329 3371 624 3419 centripetarum
653 3374 972 3425 consideratione)
1006 3377 1201 3427 aequaliter

330 3432 559 3471 premuntur
577 3425 759 3476 undique,
780 3435 818 3465 et
836 3428 917 3466 sine
931 3429 1036 3466 omni
1051 3436 1158 3468 motu
1177 3444 1200 3469 a

331 3476 521 3526 pressione
539 3475 608 3515 illa
625 3487 708 3517 orto
721 3489 945 3529 permanent
957 3482 998 3519 in
1017 3482 1110 3520 locis
1121 3483 1200 3522 suis

441 3563 611 3604 PROP.
637 3566 739 3605 XX.
799 3567 1023 3607 THEOR.
1049 3569 1147 3610 XV.

285 3631 322 3670 Si
352 3631 459 3669 fluidi
486 3634 658 3682 sphaerici
676 3643 714 3673 et
731 3635 773 3673 in
799 3637 1010 3687 aequalibus
1029 3651 1051 3676 a
1069 3648 1201 3679 centro

334 3684 520 3723 distantiis
563 3688 804 3740 homogenei,
852 3690 975 3729 fundo
1019 3693 1203 3740 sphaerico

334 3739 574 3777 concentrico
600 3739 868 3788 incumbentis,
896 3753 1020 3791 partes
1037 3745 1202 3796 singulae

335 3802 464 3829 versus
477 3800 650 3832 centrum
667 3794 785 3833 totius
801 3795 991 3848 gravitent
1001 3812 1014 3846 3
1043 3798 1204 3839 sustinet

1229 3488 1303 3523 128

953 241 1153 283 INDEX
1185 233 1708 281 PROPOSITIONUM.

1415 389 1585 428 fundum
1631 384 1785 435 pondus
1823 383 1999 434 cylindri,
2047 384 2158 435 cujus
2193 384 2293 423 basis

1414 441 1571 492 aequalis
1590 447 1647 477 est
1670 437 1883 487 superficiei
1910 438 2035 483 fundi,
2064 446 2103 476 et
2125 438 2289 476 altitudo

1413 495 1547 534 eadem
1566 505 1652 543 quae
1670 491 1780 529 fluidi
1807 491 2063 529 incumbentis
2064 516 2286 530 .............

1499 563 1668 602 PROP.
1693 561 1823 600 XXI.
1880 560 2105 599 THEOR.
2128 562 2250 599 XVI.

1361 635 1419 674 Sit
1445 633 1555 671 fluidi
1586 631 1787 683 cujusdam
1817 630 1984 669 densitas
2015 631 2289 679 compressioni

1409 685 1712 737 proportionalis,
1746 693 1784 722 et
1809 693 1934 733 partes
1953 685 2035 734 ejus
2053 698 2075 722 a
2094 685 2129 720 vi
2148 685 2286 722 centri-

1409 740 1497 790 peta
1513 738 1702 777 distantiis
1716 738 1795 775 suis
1813 751 1835 775 a
1853 745 1983 775 centro
1998 736 2187 785 reciproce
2200 750 2286 786 pro-

1409 792 1611 843 portionali
1627 790 1807 830 deorsum
1822 792 2041 828 trahantur:
2067 791 2153 827 dico
2172 791 2285 840 quod,

1410 848 1441 884 si
1460 845 1651 884 distantiae
1668 844 1746 882 illae
1765 852 1967 881 sumantur
1991 842 2173 881 continue
2199 857 2285 892 pro-

1409 898 1653 949 portionales,
1691 897 1895 935 densitates
1932 896 2043 934 fluidi
2081 897 2121 932 in
2150 896 2286 934 iisdem

1410 951 1598 990 distantiis
1628 959 1742 989 erunt
1772 952 1890 989 etiam
1921 948 2103 988 continue
2130 961 2287 998 propor-

1410 1005 1571 1045 tionales
1579 1030 2282 1043 ........................................

1466 1089 1641 1128 PROP.
1665 1088 1816 1126 XXII.
1876 1086 2104 1125 THEOR.
2132 1086 2283 1124 XVII.

1362 1161 1419 1199 Sit
1454 1159 1563 1197 fluidi
1591 1158 1792 1211 cujusdam
1824 1157 1990 1197 densitas
2016 1157 2288 1206 compressioni

1411 1212 1716 1262 proportionalis,
1747 1219 1785 1250 et
1811 1219 1936 1260 partes
1962 1209 2045 1261 ejus
2063 1223 2086 1248 a
2103 1212 2287 1261 gravitate

1410 1266 1607 1317 quadratis
1637 1265 1904 1303 distantiarum
1936 1276 2094 1302 suarum
2113 1277 2135 1301 a
2154 1271 2285 1302 centro

1410 1317 1601 1368 reciproce
1627 1318 1901 1369 proportionali
1929 1316 2110 1355 deorsum
2132 1318 2286 1354 trahan-

1411 1380 1495 1411 tur:
1529 1372 1617 1410 dico
1633 1371 1749 1423 quod,
1769 1372 1800 1409 si
1818 1370 2008 1409 distantiae
2027 1378 2229 1408 sumantur
2246 1371 2288 1407 in

1410 1425 1674 1477 progressione
1691 1423 1854 1471 musica,
1883 1425 2088 1462 densitates
2111 1423 2219 1462 fluidi
2246 1424 2290 1460 in

1410 1480 1470 1517 his
1498 1478 1686 1518 distantiis
1713 1486 1827 1517 erunt
1843 1478 1885 1515 in
1903 1477 2166 1529 progressione
2196 1489 2287 1528 geo-

1411 1530 1568 1571 metrica
1570 1557 2285 1571 .........................................

1441 1616 1614 1655 PROP.
1639 1615 1820 1654 XXIII.

1369 1687 1410 1726 Si
1428 1686 1538 1725 fluidi
1562 1699 1608 1725 ex
1623 1685 1818 1736 particulis
1836 1698 1876 1723 se
1894 1684 2033 1723 mutue
2050 1685 2290 1736 fugientibus

1414 1739 1613 1789 compositi
1631 1739 1796 1777 densitas
1809 1739 1858 1776 sit
1873 1747 1915 1776 ut
1929 1739 2170 1787 compressio,
2192 1738 2290 1775 vires

1415 1792 1643 1843 centrifugae
1672 1792 1945 1841 particularum
1968 1798 2071 1829 ‚sunt
2100 1790 2291 1840 reciproce

1415 1846 1714 1896 proportionales
1742 1845 1928 1883 distantiis
1956 1854 2174 1883 centrorum
2203 1857 2292 1882 suo-

1415 1913 1516 1938 rum.
1577 1900 1632 1938 Et
1661 1899 1743 1937 vice
1769 1898 1885 1945 versa,
1919 1898 2117 1946 particulae
2148 1897 2292 1935 viribus

1415 1966 1503 2004 quae
1532 1960 1623 1990 sunt
1652 1950 1845 2001 reciproce
1880 1951 2181 2000 proportionales
2212 1950 2290 1988 dis-

1416 2005 1545 2045 tantiis
1572 2013 1788 2044 centrorum
1816 2017 1974 2042 suorum
2005 2017 2045 2041 se
2071 2002 2209 2041 mutue
2228 2003 2291 2041 fu-

1417 2060 1565 2111 gientes
1599 2065 1836 2108 componunt
1870 2057 2037 2095 fluidum
2078 2058 2289 2103 elasticum,

1417 2114 1529 2164 cujus
1559 2111 1724 2150 densitas
1751 2120 1806 2149 est
1833 2110 2104 2159 compressioni
2135 2122 2292 2159 propor-

1415 2166 1568 2205 tionalis
1569 2191 2290 2204 .........................................

1472 2253 1645 2293 PROP.
1670 2253 1841 2291 XXIV.
1902 2253 2131 2292 THEOR.
2158 2252 2289 2291 XIX.

1370 2325 1615 2371 Quantitates
1645 2324 1829 2365 materiae,
1850 2324 1890 2361 in
1929 2324 2150 2372 corporibus
2179 2323 2294 2361 fune-

1419 2379 1610 2428 pendulis,
1637 2379 1800 2428 qiiorum
1821 2385 1952 2415 centra
1972 2377 2254 2414 oscillationum
2273 2389 2296 2413 a

1419 2440 1549 2471 centro
1593 2430 1852 2481 suspensionis
1896 2431 2093 2479 aequaliter
2138 2430 2291 2475 distant,

1419 2493 1511 2523 sunt
1529 2486 1569 2522 in
1587 2484 1733 2523 ratione
1747 2484 1956 2532 composita
1974 2496 2020 2521 ex
2039 2484 2187 2521 ratione
2201 2495 2297 2531 pon-

1421 2539 1557 2576 derum
1594 2546 1633 2576 et
1667 2537 1813 2575 ratione
1849 2534 2045 2584 duplicata
2079 2545 2298 2585 temporum

1421 2591 1702 2630 oscillationum
1726 2591 1767 2627 in
1786 2602 1905 2628 vacuo
1907 2615 2291 2628 ......................

1508 2672 1680 2712 PROP.
1706 2671 1849 2710 XXV.
1910 2670 2139 2709 THEOR.
2162 2670 2263 2708 XX.

1374 2743 1541 2792 Corpora
1576 2740 1843 2790 funependula
1880 2740 2033 2792 quibus,
2081 2740 2123 2777 in
2166 2739 2295 2778 medio

1423 2795 1568 2845 quovis,
1589 2794 1774 2833 resistitur
1792 2794 1831 2831 in
1849 2795 1995 2832 ratione
2013 2802 2297 2831 momentorum

1422 2848 1615 2897 temporis,
1637 2856 1675 2886 et
1692 2860 1848 2897 corpora
1861 2847 2125 2896 funependula
2150 2860 2237 2896 quae
2255 2846 2297 2884 in

1424 2901 1598 2951 ejusdem
1624 2901 1819 2952 gravitatis
1845 2901 2031 2949 specificae
2061 2898 2191 2937 medio
2217 2911 2297 2937 non

1424 2955 1621 2993 resistente
1638 2961 1853 3001 moventur,
1881 2953 2136 2992 oscillationes
2163 2952 2204 2990 in
2231 2965 2297 3002 cy-

1424 3007 1547 3045 cloide
1555 3007 1688 3046 eodem
1698 3016 1868 3056 tempore
1879 3013 2079 3057 peragunt,
2091 3014 2128 3044 et
2139 3018 2299 3044 arcuum

1425 3070 1548 3110 partes
1567 3060 1865 3110 proportionales
1883 3060 1998 3098 simul
2025 3059 2295 3098 describunt...

1482 3149 1655 3187 PROP.
1681 3148 1848 3188 XXVI.
1910 3148 2136 3188 THEOR.
2161 3148 2292 3188 XXI.

1378 3220 1594 3269 Corporum
1612 3221 1977 3270 funependulorum,
2006 3220 2145 3271 quibus
2163 3220 2303 3259 resisti-

1881 1615 2107 1654 THEOR.
2136 1614 2312 1653 XVIII.

2318 354 2384 387 rag,

2320 495 2394 531 133

2315 1006 2388 1042 155

2319 1533 2392 1568 138

2323 2166 2399 2201 144

2326 2590 2398 2627 147

2328 3061 2405 3098 150

1427 3281 1492 3310 tur
1510 3274 1552 3311 in
1579 3275 1724 3313 ratione
1755 3274 2013 3319 velocitatum,
2048 3274 2304 3312 oscillationes
2356 3308 2359 3310 .

1429 3326 1469 3363 in
1497 3327 1667 3377 cycloide
1686 3335 1777 3366 sunt
1794 3328 2004 3366 isochronae
2005 3353 2299 3367 .................

1458 3415 1630 3453 PROP.
1652 3415 1850 3454 XXVII.
1908 3416 2136 3455 THEOR.
2162 3416 2316 3455 XXII.

1381 3486 1421 3523 Si
1440 3487 1661 3535 corporibus
1679 3487 1954 3537 funependulis
1973 3487 2211 3526 resistiturin
2230 3486 2304 3524 du-

1430 3538 1571 3588 plicata
1604 3540 1751 3579 ratione
1786 3541 2045 3587 velocitatum,
2083 3540 2307 3579 differentias

2332 3331 2409 3367 153

1431 3594 1531 3630 inter
1548 3600 1722 3642 tempora
1739 3593 2023 3632 oscillationnm
2041 3594 2082 3631 in
2100 3593 2228 3632 medio
2245 3605 2306 3630 re·
2353 3596 2358 3599 '

1431 3645 1597 3691 sistente,
1644 3659 1688 3685 ac
1723 3654 1896 3695 tempora
1918 3646 2221 3685 ,oscillationum
2263 3645 2305 3682 in

1433 3699 1606 3749 ejusdem
1636 3700 1834 3752 gravitatis
1859 3700 2044 3749 specificae
2072 3698 2200 3737 medio
2225 3711 2306 3736 non

1434 3751 1641 3805 resistente,
1672 3760 1787 3791 erunt
1816 3756 1980 3792 arcubus
2009 3751 2219 3795 oscillando
2238 3751 2305 3790 de-

1434 3804 1580 3855 scriptis
1597 3805 1896 3858 proportionales
1912 3804 2201 3859 quamproxime
2204 3831 2304 3845 ......

2335 3805 2409 3844 154
