2502 4192
0 2239 15 2436 “⁴'”w=*³⁸v-t·*

4 3915 12 3931 “’
0 3663 28 3905 Μ*”ᾙ

130 2208 234 2259 Lib,
258 2208 342 2261 I.);
370 2222 487 2259 quare
513 2218 683 2259 tempore
714 2212 751 2247 A
776 2210 822 2247 M
841 2209 1039 2247 velocitate
1057 2208 1179 2256 primii

142 300 325 352 Lmen
356 299 624 362 Sacarum]
701 294 1101 361 PRINCIPIA
1156 290 1773 343 MATHEMATICA.
2076 325 2095 341 .
2210 296 2278 340 39

148 455 346 496 necnon
392 437 627 505 spatium,
674 435 814 505 quod
855 453 1041 503 corpus
1079 434 1287 503 aliquod
1329 433 1512 485 eodem
1551 443 1784 501 tempore
1824 433 1874 483 A
1901 433 1973 495 D,
2013 432 2281 485 velocitate

143 526 309 596 prim&
338 527 388 577 A
417 527 478 588 Β,
521 526 574 576 in
612 525 784 575 medio
809 543 915 575 non
940 525 1207 576 resistente
1233 523 1525 574 describere
1550 533 1742 590 posset,
1786 523 1863 590 (m)
1890 540 1984 590 per
2010 533 2282 593 rectangu-

149 618 257 669 lum
286 619 332 670 A
364 618 409 669 Β
452 628 491 669 ><
532 618 582 668 A
608 617 680 668 D.

215 709 377 759 Corol.
406 713 454 757 2.
499 706 655 758 Unde
681 706 833 756 datur
859 705 1080 772 spatium
1105 705 1158 754 in
1185 704 1358 754 medio
1396 703 1664 754 resistente
1701 702 2032 770 descriptum,
2070 700 2276 768 capien-

140 797 208 848 do
233 796 362 846 illud
387 796 453 846 ad
479 795 699 863 spatium
726 793 866 863 quod
892 792 1162 843 velocitate
1189 792 1434 843 uniformi
1464 791 1513 842 A
1542 791 1588 842 B
1615 791 1669 841 in
1695 790 1869 841 medio
1889 809 1995 840 non
2012 790 2279 841 resistente

141 887 291 937 simul
331 885 551 936 describi
587 893 775 952 posset,
814 894 871 934 ut
897 893 975 933 est
1000 901 1119 933 area
1156 882 1491 951 hyperbolica
1517 881 1568 932 A
1598 881 1643 932 Β
1672 881 1725 933 G
1752 882 1807 933 D
1834 882 1899 932 ad
1925 882 2282 950 rectangulum

142 978 192 1028 A
214 976 260 1028 B
291 986 333 1028 ><
375 976 424 1026 A
450 975 522 1027 D.

216 1069 377 1120 Corol.
407 1075 455 1119 3.
495 1067 668 1118 Datur
698 1066 852 1117 etiam
879 1064 1165 1116 resistentia
1190 1063 1363 1126 medii,
1405 1063 1679 1114 statuendo
1706 1080 1817 1113 eam
1849 1064 1963 1131 ipso
1987 1062 2158 1113 motus
2186 1062 2282 1112 ini-

139 1157 212 1209 tio
237 1157 485 1227 aequalem
514 1175 623 1208 esse
648 1156 698 1207 vi
725 1154 966 1206 uniformi
995 1154 1308 1223 centripetae,
1356 1172 1472 1224 quae
1519 1155 1572 1204 in
1612 1154 1828 1205 cadente
1872 1172 2106 1221 corpore,
2153 1164 2282 1204 tem-

139 1266 265 1316 pore
308 1249 354 1300 A
386 1248 447 1310 C,
494 1248 547 1297 in
592 1247 764 1298 medio
804 1265 910 1297 non
954 1245 1241 1314 resistente,
1287 1262 1536 1314 generare
1573 1254 1750 1312 posset
1786 1244 2110 1295 velocitatem
2138 1244 2189 1294 A
2218 1243 2280 1294 Β.

142 1336 279 1388 Nam
306 1337 346 1388 si
373 1337 590 1388 ducatur
619 1336 665 1387 B
694 1334 744 1387 T
769 1353 885 1403 quae
914 1344 1092 1405 tangat
1111 1333 1448 1404 hyperbolem
1476 1334 1529 1383 in
1559 1334 1621 1397 B,
1651 1344 1703 1385 et
1727 1344 1964 1385 occurrat
1989 1345 2282 1404 asymptoto

140 1425 195 1476 in
222 1426 299 1486 T;
341 1426 404 1493 (¹¹)
433 1435 572 1476 recta
598 1427 648 1476 A
666 1424 717 1475 T
741 1423 953 1493 aequalis
970 1424 1067 1474 erit
1092 1423 1191 1490 ipsi
1218 1423 1268 1473 A
1298 1422 1359 1484 C,
1401 1423 1462 1490 (⁰)
1492 1432 1543 1473 et
1567 1434 1770 1490 tempus
1797 1434 2039 1490 exponet,
2072 1442 2175 1492 quo
2201 1442 2282 1474 re-

141 1514 368 1564 sistentia
391 1513 559 1580 prima
573 1511 895 1562 uniformiter
909 1511 1207 1562 continuata
1227 1509 1407 1561 tollere
1422 1521 1600 1578 posset
1614 1510 1938 1562 velocitatem
1955 1522 2117 1562 totam
2139 1512 2189 1562 A
2214 1512 2277 1563 B.

214 1602 376 1651 Corol.
399 1607 448 1650 4.
479 1599 541 1668 (P)
572 1599 641 1650 Et
656 1598 776 1649 inde
802 1598 955 1649 datur
980 1599 1133 1649 etiam
1157 1600 1430 1667 proportio
1451 1597 1603 1667 hujus
1624 1598 1926 1650 resistentiae
1952 1599 2019 1650 ad
2039 1600 2142 1650 vim
2162 1618 2280 1670 gra-

139 1691 323 1754 vitatiS,
351 1689 565 1742 aliamve
593 1690 821 1759 quamvis
849 1688 1021 1740 datam
1047 1688 1148 1739 vim
1176 1687 1531 1756 centripetam.

195 1837 264 1890 (¹¹3)
286 1840 350 1877 79.
373 1841 393 1862 θ’
419 1841 493 1877 Per
512 1839 777 1889 rectangulum
797 1840 836 1876 A
862 1841 896 1876 B
919 1840 960 1883 ><
986 1837 1024 1875 A
1038 1839 1093 1876 D.
1143 1836 1182 1875 Si
1238 1836 1326 1873 dem
1360 1834 1607 1874 uniformiter
1633 1835 1855 1874 continuata
1883 1836 2065 1885 temporis
2084 1845 2282 1876 momento

142 1891 246 1928 enim
282 1891 462 1929 velocitas
500 1893 538 1929 A
575 1893 623 1938 B,
661 1899 792 1942 manet
829 1892 975 1933 eadem,
1013 1899 1184 1938 tempore
1243 1890 1282 1927 K
1304 1890 1351 1934 L,
1372 1889 1451 1927 sive
1474 1891 1512 1927 A
1536 1890 1590 1935 K,
1621 1890 1772 1928 tolleret
1805 1892 1917 1928 etiam
1952 1890 2192 1928 velocitatem
2220 1892 2247 1928 k
2266 1892 2289 1929 f

147 1945 185 1981 A
209 1943 263 1991 K,
296 1943 481 1983 describet
510 1956 648 1993 corpus
669 1944 835 1993 spatium
872 1946 908 1981 A
933 1945 967 1981 B
992 1950 1032 1990 ><
1060 1946 1096 1980 A
1122 1943 1176 1989 K,
1232 1960 1288 1978 =
1313 1944 1347 1979 B
1369 1956 1401 1984 e,
1424 1950 1462 1980 et
1481 1945 1663 1992 temporis
1682 1953 1881 1981 momento
1916 1944 1951 1981 L
1974 1944 2033 1987 M,
2063 1957 2130 1981 seu
2161 1945 2197 1980 A
2224 1945 2279 1990 K,

141 1997 238 2035 dum
283 1997 326 2034 in
371 1997 500 2035 medio
548 1998 745 2035 resistente
790 1997 968 2035 describit
1012 1996 1178 2045 spatium
1233 1996 1470 2033 velocitatem
1505 2009 1533 2046 g
1559 1998 1585 2033 h
1611 2012 1668 2032 =
1701 1997 1737 2034 B
1767 2011 1799 2042 e,
1833 1996 1950 2047 atque
1981 1996 2036 2033 ita
2073 1996 2280 2045 deinceps3

145 2051 182 2088 A
203 2050 238 2088 B
251 2049 277 2087 k
298 2049 353 2096 K,
369 2058 539 2099 tempore
562 2051 602 2088 K
618 2051 653 2088 L
672 2051 869 2088 velocitate
888 2051 924 2086 A
945 2051 979 2087 B
993 2050 1180 2087 describet
1233 2048 1351 2098 quare
1378 2049 1590 2086 resistentia
1617 2050 1742 2098 prima
1774 2050 2021 2087 uniformiter
2057 2050 2281 2088 continuata

141 2103 310 2153 spatium
329 2104 368 2143 A
392 2104 428 2141 B
449 2109 491 2149 Χ
518 2104 559 2141 Κ
581 2104 627 2148 L,
658 2103 753 2141 dum
779 2104 818 2140 in
839 2103 966 2140 medio
984 2103 1181 2140 resistente
1234 2111 1407 2152 tempore
1443 2103 1480 2139 A
1504 2103 1540 2140 T
1567 2103 1717 2141 tolleret
1744 2104 1984 2142 velocitatem
2013 2110 2132 2140 totam
2167 2104 2205 2141 A
2230 2105 2279 2151 B,

142 2156 321 2195 describit
345 2157 510 2205 spatium
539 2157 578 2194 K
600 2158 625 2194 k
645 2157 659 2193 l
680 2158 728 2203 L,
759 2164 796 2194 et
813 2155 867 2194 it&
885 2156 1063 2204 deinceps
1092 2159 1174 2207 (14.

145 2263 183 2300 A
210 2263 246 2300 B
276 2263 316 2299 in
348 2262 477 2300 medio
506 2275 584 2301 nou
614 2263 810 2301 resistente
837 2262 1022 2300 describet
1040 2274 1179 2309 corpus
1242 2270 1245 2274 ’

141 2315 305 2363 spatium
340 2316 585 2367 AB><(A
618 2316 794 2368 K÷K
825 2316 995 2368 L÷L
1026 2315 1092 2362 M)
1121 2330 1178 2350 =

144 2369 182 2405 A
205 2368 241 2406 B
264 2373 306 2413 ><
332 2368 368 2405 A
393 2368 464 2414 M;
494 2377 532 2406 et
550 2377 721 2417 tempore
744 2371 779 2406 A
805 2369 858 2414 D,
888 2369 1053 2416 spatium
1077 2368 1114 2405 A
1138 2368 1173 2405 B

143 2426 185 2467 ><
222 2422 256 2458 A
289 2421 344 2459 D.
404 2421 461 2459 Et
490 2422 674 2472 quoniam
706 2422 788 2470 ipso
812 2420 940 2459 motus
969 2421 1091 2466 initio,
1120 2428 1176 2458 est

140 2486 228 2512 area
250 2474 283 2511 A
305 2474 340 2511 B
355 2474 380 2511 k
397 2474 450 2520 K,
471 2474 628 2524 aequalis
645 2474 869 2525 rectangulo
892 2475 928 2511 A
946 2474 981 2511 B
1000 2479 1040 2520 ><
1065 2474 1105 2521 K
1132 2473 1171 2519 k,

140 2534 255 2577 atque
279 2526 399 2575 spatia
417 2528 458 2564 in
476 2527 604 2566 medio
623 2528 816 2566 resistente
834 2535 872 2565 et
890 2527 930 2563 in
950 2527 1077 2564 medio
1097 2539 1175 2563 non

139 2580 334 2617 resistente
377 2579 564 2628 descripta
600 2581 779 2629 temporis
815 2589 1011 2617 momento
1059 2581 1095 2617 A
1120 2579 1174 2625 K,

140 2641 231 2670 sunt
248 2633 361 2670 etiam
382 2634 555 2683 aequalia,
585 2633 706 2683 liquet
724 2634 889 2683 spatium
909 2633 948 2669 in
968 2633 1096 2670 medio
1115 2645 1175 2670 re-

140 2685 294 2723 sistente
313 2686 546 2735 descriptum
557 2695 728 2735 tempore
748 2687 881 2738 quovis
903 2687 939 2723 A
957 2687 1009 2732 D,
1030 2699 1111 2723 esse
1126 2686 1175 2723 ad

139 2739 303 2786 spatium
325 2738 458 2776 eodem
479 2747 649 2788 tempore
667 2740 708 2776 in
736 2739 865 2777 medio
884 2752 963 2776 non
981 2739 1175 2776 resistente

142 2791 373 2840 descriptum
394 2792 591 2830 velocitate
613 2793 651 2830 A
675 2794 723 2836 B,
746 2800 791 2830 ut
809 2801 865 2829 est
884 2805 971 2829 area
989 2794 1175 2840 hyperbo-

139 2844 213 2881 lica
236 2846 271 2881 A
297 2845 331 2882 B
356 2845 392 2882 G
412 2846 452 2883 D
470 2844 520 2882 ad
538 2845 805 2895 rectangulum
832 2847 867 2882 A
892 2846 926 2882 B
951 2850 991 2891 ><
1019 2846 1052 2881 A
1081 2845 1134 2882 D.

193 2902 254 2935 80.
281 2898 344 2935 Ex
367 2897 578 2936 Corollario
596 2898 720 2946 primo
739 2898 909 2948 sequitur
927 2906 1097 2944 tempore
1117 2898 1174 2933 in-

140 2949 251 2987 finito
277 2950 443 2998 spatium
470 2950 665 2988 infinitum
685 2950 847 2988 describi
865 2951 904 2987 in
925 2951 1053 2987 medio
1071 2950 1175 3000 quod

141 3003 279 3041 resistit
297 3004 337 3039 in
357 3003 503 3040 ratione
520 3003 695 3053 quadrati
713 3004 930 3042 velocitatis.
967 3005 1060 3041 Non
1072 3003 1175 3040 enim

141 3063 338 3094 evanescet
372 3056 410 3093 G
433 3056 487 3101 D,
520 3057 593 3094 hoc
623 3063 681 3094 est
706 3057 885 3094 velocitas
911 3064 992 3094 tota
1010 3056 1178 3093 extincta

142 3120 220 3146 non
237 3109 319 3154 erit,
347 3108 422 3145 nisi
440 3109 591 3146 infinita
608 3109 744 3147 evadat
761 3117 863 3148 recta
884 3111 923 3147 A
947 3110 1000 3156 D,
1030 3111 1103 3147 hoc
1123 3116 1179 3147 est

141 3161 214 3198 nisi
231 3168 383 3211 tempus
397 3167 525 3199 motus
543 3162 592 3199 sit
608 3161 817 3209 infinitum,
838 3170 1010 3212 tuncque
1028 3162 1179 3199 infinita

140 3213 186 3251 fit
202 3218 301 3266 Meav
320 3214 359 3252 A
382 3214 418 3252 B
441 3214 479 3252 G
502 3215 556 3260 D,
584 3227 653 3252 seu
677 3216 844 3261 spatium
862 3215 1094 3265 descriptum
1123 3222 1180 3253 est

140 3265 348 3306 infinitum.

195 3320 254 3370 (¹¹)
277 3323 298 3345 ¹*
324 3324 440 3360 Recta
457 3321 494 3358 A
521 3323 726 3373 Toequalt's
745 3324 815 3361 erit
832 3323 905 3372 ipsi
925 3323 961 3360 A
985 3323 1024 3362 C.
1083 3321 1180 3372 (Per

145 3372 285 3411 Theor.
314 3373 348 3410 1.
369 3374 418 3411 de
435 3373 572 3423 Hyp.)
820 3389 825 3395 ⁴

138 3470 140 3472 ¹
217 3426 254 3474 ⁰)
288 3429 308 3450 ⁴*
342 3428 395 3465 Ει
429 3434 576 3476 tempus
603 3435 766 3477 exponet.
829 3428 1028 3467 Ordinatae
1068 3426 1111 3465 K
1138 3427 1177 3471 k,

145 3477 182 3516 L
196 3427 228 3524 i,
252 3479 298 3516 M
317 3491 370 3525 m,
391 3480 460 3516 &c.
491 3487 605 3517 rectae
627 3480 662 3517 B
685 3481 733 3526 T,
753 3488 955 3522 occurrant
971 3481 1014 3518 in
1032 3480 1070 3526 k,
1090 3481 1129 3527 h,
1149 3480 1176 3526 i,

142 3531 213 3569 &c-
248 3542 295 3568 ex
324 3531 478 3580 punctis
506 3531 545 3577 k,
566 3533 603 3575 b,
625 3532 651 3577 i,
678 3532 848 3571 demissa
875 3534 953 3572 sint
981 3532 1031 3571 ad
1068 3534 1105 3570 A
1129 3534 1177 3579 B,

145 3583 188 3621 K
207 3583 244 3627 k.
267 3583 304 3622 L
323 3583 349 3631 l,
368 3585 439 3622 διο.
460 3584 733 3633 perpendicula
755 3585 796 3623 K
815 3599 848 3629 e,
870 3587 895 3623 h
914 3585 942 3630 f,
963 3584 977 3622 i
995 3598 1033 3635 g,
1052 3587 1122 3623 &c.
1139 3595 1178 3623 et

112 3664 116 3667 »
142 3636 307 3685 sumptis
321 3635 573 3685 'temporibus
605 3650 720 3687 quam
750 3638 920 3676 minimis
955 3638 1058 3686 AK,
1073 3638 1117 3677 K
1131 3639 1187 3683 L,-

143 3687 181 3726 L
203 3689 266 3735 M,
299 3690 511 3739 aequalibus
538 3698 651 3727 erunt
682 3691 716 3728 B
735 3704 768 3736 e,
797 3691 824 3728 k
843 3691 870 3734 f,
899 3693 925 3729 h
943 3705 971 3741 g
1002 3691 1177 3742 aequales,

144 3739 208 3777 sed
236 3742 448 3779 resistentia
479 3744 603 3791 prima
630 3744 810 3791 temporis
834 3753 1032 3782 momento
1062 3744 1099 3782 A
1122 3745 1178 3790 K,

144 3792 246 3835 tollit
266 3794 502 3834 velocitatem
533 3797 571 3834 A
591 3796 626 3834 B
646 3818 699 3828 —
721 3796 759 3834 K
780 3796 822 3843 k,
853 3809 922 3835 seu
944 3798 979 3836 B
999 3810 1033 3845 e,
1062 3805 1101 3837 et
1118 3810 1181 3836 ea-

1231 3058 1322 3108 quia
1344 3058 1382 3095 A
1406 3058 1441 3095 B
1476 3057 1635 3107 aequalis
1655 3065 1711 3095 est
1729 3058 1909 3096 omnibus
1927 3056 2152 3096 dfffl'erentiis
2184 3057 2218 3094 B
2240 3070 2273 3102 c,

1232 3111 1259 3148 k
1277 3112 1304 3157 f,
1325 3112 1402 3161 gh,
1424 3112 1492 3147 &c.
1521 3123 1644 3160 usque
1663 3111 1712 3148 ad
1733 3112 1791 3158 '1¹3
1826 3112 1882 3148 vis
1907 3120 2037 3149 autem
2066 3110 2275 3158 centripeta

1232 3176 1319 3213 quae
1350 3171 1523 3212 tempore
1554 3163 1593 3200 A
1617 3164 1671 3210 K,
1703 3164 1881 3212 producit
1912 3164 2150 3202 velocitatem
2185 3165 2218 3200 Β
2239 3177 2272 3207 c,

1233 3216 1393 3266 aequalis
1422 3223 1478 3253 est
1506 3216 1542 3253 vi
1575 3228 1662 3266 quae
1689 3217 1824 3254 eodem
1861 3217 2044 3266 temporis
2075 3220 2274 3253 momento

1234 3269 1396 3307 eandem
1424 3269 1662 3307 velocitatem
1687 3270 1722 3307 B
1742 3283 1763 3308 e
1783 3270 1984 3320 extinguit,
2017 3284 2084 3308 seu
2117 3269 2274 3318 aequalis

1234 3330 1292 3360 est
1317 3322 1540 3359 resistentiae
1557 3323 1705 3370 primae,
1735 3332 1774 3360 et
1791 3322 1857 3360 illa
1875 3324 1931 3360 vis
1949 3324 2159 3372 centripeta
2186 3322 2273 3359 uni-

1233 3375 1367 3413 formis
1392 3387 1553 3412 manens
1570 3382 1652 3412 toto
1671 3384 1842 3424 tempore
1863 3377 1902 3413 A
1925 3377 1974 3422 T,
1995 3384 2113 3413 totam
2134 3375 2271 3412 veloci-

1233 3436 1352 3466 tatem
1375 3428 1412 3465 A
1437 3428 1486 3468 B.
1514 3428 1754 3476 produceret,
1783 3441 1900 3479 quam
1919 3429 2131 3467 resistentia
2149 3429 2272 3476 prima

1231 3479 1435 3518 uniformis
1465 3493 1627 3518 manens
1653 3480 1790 3518 eodem
1816 3489 1989 3531 tempore
2006 3483 2269 3531 extingueret3

1234 3532 1327 3583 ergo
1358 3533 1570 3570 resistentia
1601 3535 1727 3581 prima
1754 3534 1912 3584 aequalis
1938 3542 1995 3573 est
2021 3536 2057 3571 vi
2087 3533 2271 3570 uniformi

1230 3585 1451 3634 centripetae
1468 3598 1555 3635 quae
1573 3586 1614 3622 in
1633 3586 1792 3624 cadente
1803 3599 1973 3635 corpore,
1993 3595 2164 3635 tempore
2181 3587 2214 3621 Λ
2236 3585 2271 3622 Τ

1232 3637 1311 3676 sive
1332 3640 1371 3676 A
1395 3639 1441 3684 C,
1460 3637 1501 3675 in
1520 3639 1650 3676 medio
1669 3651 1752 3677 non·
1767 3640 1965 3678 resistente
1984 3651 2166 3691 generare
2184 3651 2271 3686 pos-

1233 3699 1289 3729 set
1307 3691 1546 3729 velocitatem
1568 3693 1605 3729 A
1624 3693 1672 3730 B.

1289 3744 1346 3795 (Ρ)
1379 3746 1400 3769 ¹*
1434 3746 1489 3782 Et
1519 3744 1606 3784 ind&
1634 3748 1750 3785 datur
1775 3748 1890 3785 etiam
1914 3746 2110 3795 proportio.
2172 3745 2272 3783 Sunt

1218 3797 1340 3840 ,enim
1373 3796 1468 3834 vires
1499 3796 1718 3848 centripetae
1749 3799 1961 3837 uniformes
1987 3805 2032 3835 ut
2058 3797 2272 3836 velocitates

1165 3866 1243 3904 04
