2502 4192
17 3397 21 3404 .
0 3312 11 3355 ·‘'.
0 3176 15 3292 'fantem-³
0 3152 1 3156 „
6 3112 8 3117 ἡ

147 284 333 337 [ABER
361 282 636 341 SECUND.]
719 277 1124 331 PRINCIPIA
1175 274 1798 328 MATHEMATICA.
2206 282 2296 328 151

142 426 307 480 Dssvel
331 425 367 476 d
393 424 473 476 vel
501 424 548 475 E
588 425 653 493 (q)
683 433 740 475 ut
777 423 1049 492 longitudo
1076 423 1301 485 arcus‚C
1327 422 1382 472 D
1422 421 1502 472 vel
1533 421 1577 472 C
1604 420 1640 470 d
1665 420 1745 471 vel
1778 419 1823 472 C
1852 419 1914 470 E.
1995 419 2305 487 Exponatur

142 516 218 566 vis
243 514 331 565 illa
354 531 449 581 per
475 512 700 563 eundem
725 531 932 574 arcum3
961 522 1012 563 et
1032 530 1154 562 -cum
1182 510 1473 562 resistentia
1500 510 1566 560 sit
1590 519 1648 560 ut
1687 518 2011 559 momentum
2038 509 2301 576 temporis,

135 603 362 673 ideoque
387 602 554 664 detur,
597 613 889 671 exponatur
915 602 1096 653 eadem
1121 620 1223 671 per·
1241 602 1416 653 datam
1442 619 1590 651 arcus
1629 599 1875 669 cycloidis
1914 610 2116 667 partem
2160 599 2203 649 C
2233 597 2301 661 O,

142 703 194 746 et
219 700 450 743 sumatur
476 709 625 742 arcus
654 691 708 751 O
731 691 767 742 d
792 691 845 741 in
865 691 1064 742 ratione
1091 691 1158 742 ad
1184 709 1364 742 arcum
1393 690 1437 741 C
1465 689 1521 741 D
1548 709 1703 759 quam
1723 688 1880 739 habet
1906 706 2054 737 arcus
2084 687 2134 738 O
2165 687 2210 737 Β
2238 688 2304 738 ad

141 799 320 834 arcum
350 780 393 832 C
424 780 500 831 B:
542 790 593 831 et
612 780 686 831 vis
714 779 814 849 qua
843 798 1032 848 corpus
1058 781 1112 830 in
1139 780 1174 830 d
1199 790 1415 850 urgetur
1452 781 1507 830 in
1544 780 1718 830 medio
1745 780 2033 841 resistente,
2082 796 2201 828 cum
2241 778 2304 829 sit

85 859 90 867 ’
141 891 382 926 excessus
422 873 498 924 vis
547 873 592 924 C
626 873 662 923 d
703 891 860 941 supra
899 872 1247 923 resistentiam
1294 873 1339 924 C
1368 871 1436 934 O,
1483 881 1775 940 exponetur
1811 889 1907 939 per
1949 889 2128 921 arcum
2172 870 2223 922 Ο
2250 871 2300 934 d,

140 964 363 1032 ideoque
389 963 487 1014 erit
513 962 581 1013 ad
605 962 724 1025 vim,
753 961 855 1031 qua
883 980 1071 1030 corpus
1101 963 1155 1014 D
1182 972 1399 1032 urgetur
1424 963 1479 1012 in
1505 962 1678 1013 medio
1704 980 1811 1013 non
1832 962 2102 1013 resistente
2119 962 2172 1012 in
2190 961 2304 1012 loco

142 1053 215 1117 D,
248 1060 307 1104 ut
332 1069 482 1103 arcus
510 1050 565 1103 O
587 1051 623 1103 d
648 1050 716 1102 ad
741 1069 920 1103 arcum
950 1051 994 1103 C
1023 1052 1077 1103 D
1093 1071 1108 1113 ;
1151 1060 1203 1103 et
1227 1061 1506 1120 propterea
1532 1051 1686 1103 etiam
1725 1051 1779 1102 in
1817 1050 1933 1102 loco
1973 1051 2019 1102 Β
2061 1063 2118 1102 ut
2155 1070 2304 1102 arcus

145 2317 198 2369 O
229 2317 274 2368 Β
301 2317 368 2368 ad
394 2335 574 2368 arcum
604 2316 649 2367 C
678 2315 740 2367 B.
823 2314 1052 2367 Proinde
1080 2314 1122 2365 si
1148 2330 1369 2382 corpora
1395 2313 1517 2376 duo,
1547 2313 1620 2376 D,
1640 2314 1686 2365 ‘d
1715 2328 1907 2368 exeant
1931 2317 1997 2369 de
2022 2318 2140 2369 loco
2170 2319 2232 2380 Β,
2263 2328 2313 2370 et

141 2405 222 2457 his
265 2405 460 2458 viribus
497 2415 809 2477 urgeantur:
856 2423 976 2455 cum
1014 2405 1148 2456 vires
1187 2404 1284 2455 sub
1323 2404 1471 2454 initio
1510 2405 1613 2455 sint
1638 2415 1697 2457 ut
1721 2425 1873 2458 arcus
1904 2408 1949 2459 C
1979 2409 2025 2460 Β
2064 2419 2115 2460 et
2155 2409 2206 2462 O
2236 2410 2311 2469 Β;

145 2494 204 2562 (¹)
233 2505 384 2546 erunt
426 2493 722 2546 velocitates
762 2491 946 2562 primae
988 2503 1039 2544 et
1082 2511 1233 2543 arcus
1277 2493 1449 2561 primo
1490 2492 1737 2562 descripti
1776 2496 1830 2544 in
1869 2495 2051 2547 eadem
2090 2498 2308 2551 ratione.

146 2582 316 2634 Sunto
345 2601 494 2634 arcus
519 2582 596 2633 1111
623 2583 670 2634 Β
697 2583 771 2645 D,
799 2591 851 2633 et
880 2582 926 2633 Β
954 2581 1007 2643 d,
1037 2600 1187 2632 arcus
1215 2581 1401 2650 reliqui
1432 2581 1476 2632 C
1504 2582 1576 2644 D,
1609 2582 1660 2634 Ο
1687 2582 1722 2633 d
1749 2594 1902 2634 erunt
1935 2585 1988 2634 in
2024 2583 2207 2636 eadem
2233 2604 2312 2637 ra-

144 2672 299 2724 tione.
379 2673 609 2726 Proinde
634 2674 786 2737 vires,
828 2673 951 2741 ipsis
981 2673 1027 2724 C
1053 2674 1126 2736 D,
1159 2672 1210 2724 O
1238 2672 1273 2722 d
1297 2672 1714 2741 proportionales
1739 2675 2025 2726 manebunt
2050 2676 2104 2726 in
2130 2676 2312 2728 eadem

145 2761 345 2813 ratione
372 2781 432 2814 ac
459 2763 555 2813 sub
582 2762 746 2825 initio,
770 2771 822 2813 et
846 2771 1124 2830 propterea
1150 2779 1370 2829 corpora
1394 2770 1618 2832 pergent
1643 2780 1792 2813 arcus
1819 2750 1882 2812 in*
1912 2763 2090 2815 eadem
2114 2766 2313 2818 ratione

145 2850 300 2902 simul
346 2851 654 2903 describere.
735 2851 905 2922 Igitur
941 2851 1078 2902 vires
1116 2860 1167 2902 et
1204 2851 1502 2903 velocitates
1542 2862 1593 2903 et
1618 2871 1769 2904 arcus
1809 2854 1992 2924 reliqui
2023 2856 2068 2906 C
2095 2856 2167 2919 D,
2201 2857 2251 2908 O
2278 2857 2313 2908 d

149 2957 352 3007 semper
396 2949 549 2991 erunt
590 2949 649 2991 ut
692 2958 843 2991 arcus
885 2939 981 2990 toti
1026 2939 1071 2991 C
1100 2940 1163 3002 Β,
1214 2939 1265 2992 O
1294 2940 1357 3002 Β,
1402 2949 1453 2992 et
1495 2951 1776 3009 propterea
1816 2961 1964 2993 arcus
2005 2944 2081 2994 illi
2125 2945 2311 3016 reliqui

147 3027 208 3095 (⁸)
237 3026 392 3078 simul
418 3027 792 3080 describentur.
873 3028 1053 3094 Quare
1080 3046 1301 3096 corpora
1326 3028 1431 3079 duo
1459 3029 1531 3092 D,
1555 3029 1590 3081 d
1611 3031 1762 3081 simul
1781 3033 2087 3099 pervenient
2111 3034 2178 3085 ad
2197 3034 2312 3086 loca

148 3114 194 3167 C
219 3124 270 3167 et
298 3115 365 3178 Ο,
394 3116 615 3169 alterum
640 3117 853 3188 quidem
878 3118 932 3169 in
958 3119 1132 3171 medio
1158 3138 1264 3170 non
1292 3121 1560 3173 resistente
1599 3123 1666 3173 ad
1702 3123 1877 3174 locum
1907 3124 1968 3187 C,
2014 3135 2065 3177 et
2091 3126 2311 3178 alterum

144 3203 201 3255 in
223 3205 397 3257 medio
421 3207 690 3259 resistente
717 3208 785 3259 ad
809 3207 981 3259 locum
1013 3208 1080 3260 Ο.
1160 3209 1298 3260 Cum
1337 3220 1512 3262 autem
1549 3211 1845 3264 velocitates
1885 3213 1939 3263 in
1982 3214 2026 3265 C
2054 3226 2105 3266 et
2132 3215 2183 3268 O
2211 3216 2313 3268 sint

146 3302 206 3344 ut
230 3311 381 3345 arcus
410 3295 455 3347 C
485 3295 548 3358 Β,
579 3296 630 3348 Ο
659 3296 739 3358 Β;
779 3306 933 3347 erunt
970 3315 1139 3360 arcus,
1184 3317 1313 3367 quos
1352 3317 1572 3367 corpora
1609 3299 1826 3352 ulterius
1851 3303 2121 3373 pergendo
2159 3304 2313 3356 simul

147 3382 463 3445 describunt,
494 3383 550 3452 (t)
578 3385 632 3435 in
657 3383 841 3437 eadem
867 3386 1084 3438 ratione.
1162 3388 1330 3439 Sunto
1354 3387 1430 3438 illi
1460 3388 1505 3439 C
1534 3388 1581 3440 E
1608 3399 1659 3441 et
1687 3390 1738 3441 O
1765 3409 1809 3442 e.
1875 3392 1969 3444 Vis
1997 3393 2097 3464 qua
2125 3413 2312 3463 corpus

164 3525 166 3528 ’
204 3525 263 3575 (⁴¹)
293 3529 345 3565 Ut
359 3528 553 3576 longitudo
567 3541 694 3576 arcus,
711 3529 781 3566 ἃς.
816 3529 895 3567 Per
913 3529 1209 3569 demonstratio·
1263 3544 1332 3580 per
1354 3532 1386 3570 C
1410 3531 1446 3569 B
1466 3531 1514 3570 ad
1538 3532 1576 3571 O
1600 3534 1649 3580 B,
1670 3541 1716 3572 ut
1739 3534 1771 3573 C
1794 3536 1835 3573 D
1855 3535 1903 3574 ad
1927 3537 1964 3576 Ο
1985 3537 2035 3584 (1;
2065 3546 2314 3576 evanescente

151 3591 244 3618 nem
267 3579 384 3628 Prop.
410 3580 485 3617 LI.
510 3587 549 3616 et
571 3580 660 3618 Cor.
686 3585 721 3619 2.
750 3582 867 3631 Prop.
894 3583 998 3621 L11.
1026 3582 1115 3621 Lib.
1142 3584 1177 3622 1.
1264 3598 1356 3622 arcu
1379 3585 1417 3623 Ο
1437 3585 1475 3630 d,
1496 3595 1696 3625 evanescet
1714 3588 1829 3625 etiam
1848 3602 1961 3628 arcus
1985 3592 2016 3629 C
2036 3592 2089 3636 D,
2111 3604 2177 3627 seu
2191 3603 2313 3639 punc-

206 3630 263 3682 (““)
284 3635 305 3656 ²*
329 3635 466 3672 Erunt
479 3635 688 3672 velocitates
701 3637 853 3684 primae,
875 3637 946 3673 &c.
982 3636 1101 3682 Nam,
1114 3635 1206 3675 dato
1261 3645 1347 3675 tum
1368 3637 1394 3675 d
1413 3651 1503 3675 cum
1527 3639 1578 3685 O,
1604 3648 1643 3678 et
1664 3641 1705 3678 D
1724 3654 1815 3679 cum
1837 3644 1869 3681 C
1889 3644 2006 3680 simul
2025 3643 2253 3681 coincident.

149 3684 334 3734 temporis
364 3694 575 3732 momento,
614 3686 832 3726 velocitates
860 3688 1003 3739 genitae
1033 3696 1126 3728 sunt
1151 3698 1198 3728 ut
1317 3690 1371 3742 (ἴ)
1395 3694 1416 3715 ²*
1438 3693 1491 3730 In
1505 3691 1637 3731 eadem
1656 3696 1812 3734 ratione.
1880 3696 1982 3734 Sunt
2009 3697 2114 3733 enim
2134 3697 2312 3735 velocita'-

150 3738 251 3774 vires
284 3740 367 3789 (13.
403 3738 492 3777 Lib.
519 3739 577 3787 Ι.)
609 3746 647 3777 et
672 3747 717 3777 ut
743 3741 867 3789 spatia
902 3741 1093 3792 descripta
1123 3744 1210 3795 (per
1265 3751 1333 3789 tes,
1363 3752 1408 3781 ut
1427 3745 1549 3793 spatia
1567 3745 1656 3785 dato
1674 3750 1858 3797 temporis
1884 3757 2084 3787 momento
2110 3749 2311 3800 descripta.

159 3789 250 3828 cor.
273 3794 312 3828 4.
335 3790 447 3829 Lem.
474 3792 528 3830 X.
554 3793 644 3830 Lib.
672 3793 735 3843 Ι.)
1264 3803 1345 3834 tam
1371 3796 1413 3834 in
1440 3797 1571 3836 medio
1588 3800 1785 3840 resistente
1803 3814 1920 3854 quam
1939 3802 1980 3839 in
1999 3802 2129 3841 medio
2147 3815 2227 3841 non
2253 3816 2313 3842 re-

207 3842 260 3895 (⁸)
273 3846 305 3877 .*
326 3846 455 3885 Simul
472 3847 744 3886 describentur.
790 3846 897 3892 Quia
914 3846 1018 3887 enim
1037 3855 1095 3888 est
1107 3861 1207 3888 sem·
1264 3850 1420 3889 sistente
1440 3851 1546 3903 (11.)

1190 3917 1278 3959 K4
