2502 4192
152 272 339 326 mez
366 273 635 339 Snmmn]
711 272 1112 328 PRINCIPIA
1164 272 1784 329 MATHEMATICA.
2190 288 2294 335 233

153 417 414 488 cylindrus
440 417 505 469 de
531 435 634 487 quo
660 418 877 489 agimus,
917 428 969 471 et
991 429 1164 489 partes
1191 430 1439 473 extremae
1466 422 1517 473 A
1546 422 1592 473 B
1621 421 1668 473 E
1693 431 1746 473 et
1774 421 1819 473 C
1847 420 1901 471 D
1931 421 1976 473 F
2000 422 2299 475 contineant

153 520 326 578 partes
365 509 512 560 fluidi
555 510 688 561 inter
731 529 786 562 se
830 511 1147 581 quiescentes
1190 522 1243 564 et
1284 513 1339 563 in
1383 530 1604 581 corpora
1646 512 1752 563 duo
1801 511 1970 583 rigida
2012 523 2294 577 concretaS‚

154 618 269 669 quae
281 599 513 669 cylindro
529 600 770 671 utrinque
785 609 1032 671 tanquam

151 697 306 757 caput
325 697 376 740 et
401 688 566 739 cauda
590 688 902 741 adhaereant.
956 689 1026 741 Et
1640 658 1976 750 HL-——AG

151 778 302 829 solidi
347 777 395 829 E
422 778 472 829 A
503 779 546 830 C
577 779 621 830 F
646 779 701 831 D
731 778 795 842 B,
841 797 1023 830 secun-

148 868 275 920 dum
290 868 667 939 longitudinem
683 870 793 921 axis
810 868 889 921 sui
911 868 955 920 F
976 868 1023 920 E
2052 889 2204 923 -----------

148 960 202 1010 in
221 969 398 1058 partes
418 976 596 1012 versus
618 959 666 1013 E
683 960 1023 1031 progredien-
1108 935 1184 995 Fi
1181 994 1583 1044 .........
1590 885 2076 1095 OEs
2074 1018 2188 1045 ,,,,,,,
2191 938 2287 1020 ³*AE

148 1044 229 1112 tis,
276 1049 566 1101 resistentia
608 1068 669 1101 ea
706 1050 804 1101 erit
843 1067 1023 1119 quam·
1305 1035 1509 1050 ”””””””
1574 1050 1625 1096 D

145 1138 383 1206 proxime
421 1156 577 1207 quam
614 1138 669 1189 in
705 1137 806 1189 hac
835 1138 1036 1207 Propo-

146 1229 344 1280 sitione‘
369 1229 749 1298 descripsimUS,
792 1229 848 1280 id
885 1239 978 1293 est,
1022 1243 1139 1298 quae
1176 1225 1432 1276 rationem
1457 1223 1598 1275 illam
1622 1223 1781 1276 habet
1806 1224 1873 1276 ad
1899 1225 2003 1277 vim
2030 1225 2131 1296 qua
2158 1236 2294 1279 totus

145 1318 365 1389 cylindri
404 1329 590 1383 motus,
643 1319 840 1371 interea
881 1318 1007 1370 dum
1056 1315 1329 1387 longitudo
1379 1322 1412 1366 4
1450 1315 1501 1365 A
1542 1314 1586 1365 C
1636 1324 1782 1366 motu
1830 1315 1920 1367 illo
1969 1316 2295 1370 uniformiter

145 1409 445 1460 continuato
484 1409 806 1461 describatur
841 1410 924 1461 vel
961 1408 1073 1461 tolli
1097 1408 1262 1476 possit
1285 1406 1367 1457 vel
1390 1405 1644 1477 generari,
1687 1425 1843 1476 quam
1880 1406 2108 1460 densitas
2144 1409 2293 1460 fluidi

143 1499 301 1552 habet
339 1500 406 1551 ad
449 1500 757 1553 densitatem
797 1501 1019 1572 cylindri
1064 1496 1474 1570 quamproxime.
1553 1498 1616 1567 (⁴1)
1660 1498 1730 1551 Et
1772 1498 1871 1551 hac
1910 1501 1961 1551 vi
2004 1501 2294 1553 resistentia

143 1591 313 1642 minor
355 1609 467 1643 esse
505 1610 611 1643 non
653 1602 825 1660 potest
869 1590 1025 1663 quam
1064 1590 1122 1641 in
1159 1589 1361 1641 ratione
1405 1595 1437 1639 2
1481 1588 1548 1639 ad
1590 1596 1638 1640 3.
1679 1607 1775 1657 per
1822 1590 1998 1642 Corol.
2040 1596 2088 1647 7.
2131 1591 2290 1660 Prop.

146 1681 425 1734 XXXVI.

199 1835 256 1889 (q)
286 1839 308 1862 ²*
340 1840 395 1877 Et
425 1837 497 1877 Ιιᾶσ
532 1840 570 1878 υἱ
605 1841 814 1879 resistentia
851 1842 977 1880 minor
1005 1853 1081 1881 esse
1111 1854 1191 1880 non

140 1897 271 1939 potest,
319 1892 389 1928 διο.
452 1892 687 1931 Resistentia
728 1896 815 1945 (per
854 1895 943 1932 Cor.
985 1897 1022 1933 7.
1065 1894 1182 1943 Prop.

150 1943 385 1991 XXXVI.)
417 1945 543 1982 minor
570 1959 651 1983 esse
678 1959 758 1984 non
785 1954 911 1995 potest
929 1946 1098 1996 pondere
1126 1960 1195 1997 cy·

143 1994 260 2032 lindri
279 2009 401 2047 aquae,
432 1998 544 2048 cujus
571 1999 672 2037 basis
700 2007 757 2037 est
784 2000 961 2038 circellus
982 2001 1018 2039 P
1037 2002 1078 2046 Q
1098 2000 1194 2053 (sive

150 2062 188 2099 A
213 2062 269 2111 B)
304 2071 341 2101 et
367 2063 531 2102 altitudo
559 2052 589 2115 ὲ
613 2065 649 2103 Ε
680 2065 717 2103 L
749 2078 817 2103 seu
846 2054 875 2116 313-
899 2066 943 2103 H
968 2065 1019 2104 G.
1081 2065 1195 2117 (vid.

145 2114 293 2166 figuras
320 2117 569 2167 superiores.)
626 2118 821 2157 velocitas
839 2131 955 2170 quam
981 2119 1045 2156 hic
1071 2119 1194 2169 cylin-

146 2168 239 2206 drus
257 2182 383 2219 aquae,
412 2171 449 2207 vi
478 2171 658 2219 ponderis
677 2172 737 2210 sui
756 2172 929 2210 cadendo
947 2179 986 2209 et
1004 2185 1094 2210 casu
1124 2185 1197 2211 suo

146 2220 399 2260 describendo
432 2223 677 2262 altitudinem
711 2225 749 2262 E
770 2225 807 2263 L
835 2224 1007 2276 acquirit,
1038 2226 1197 2275 aequalis

146 2282 205 2311 est
232 2275 425 2314 velocitati
453 2290 543 2315 cum
572 2277 648 2327 qua
677 2278 872 2327 cylindrus
897 2280 931 2316 A
956 2279 989 2316 C
1013 2279 1052 2315 D
1076 2280 1124 2325 B,
1152 2279 1195 2316 in

149 2326 252 2378 aqua
271 2338 449 2367 movetur
469 2333 535 2382 (ex
556 2329 682 2379 dem.)
703 2339 742 2368 et
758 2330 846 2369 ideo
865 2330 957 2369 cum
975 2331 1074 2369 basis
1095 2332 1134 2369 A
1158 2333 1193 2370 B

151 2381 199 2418 sit
228 2381 342 2419 etiam
375 2383 530 2433 utrique
562 2383 737 2434 cylindro
772 2384 1001 2429 communis,
1039 2385 1195 2434 pondus

104 2458 107 2460 -
147 2434 312 2483 cylindri
349 2449 461 2487 aquae
493 2437 566 2475 erit
596 2437 646 2475 ad
675 2437 753 2474 va
785 2436 862 2487 qua
894 2445 997 2475 totus
1032 2438 1196 2488 cylindri

151 2489 190 2524 A
223 2488 259 2525 B
292 2489 332 2526 D
363 2490 395 2527 C
425 2498 567 2534 motus,
599 2503 677 2540 quo
709 2498 880 2539 tempore
910 2491 1195 2541 longitudinem

151 2544 177 2577 4
198 2540 235 2578 A
261 2542 293 2579 C
324 2543 568 2581 uniformiter
586 2544 780 2588 describit,
802 2544 977 2595 generari
998 2545 1117 2594 possit
1134 2545 1195 2583 vel

148 2592 246 2639 tolli,
281 2594 320 2631 in
349 2596 496 2634 ratione
524 2595 736 2645 composita
754 2611 800 2635 ex
820 2598 967 2636 ratione
995 2598 1194 2637 densitatis

146 2659 257 2696 aquae
283 2647 333 2685 ad
361 2648 589 2688 densitatem
617 2650 780 2700 cylindri
808 2651 846 2689 A
868 2652 904 2690 B
928 2652 969 2689 D
993 2653 1038 2698 C,
1068 2659 1106 2690 et
1132 2665 1194 2690 ra-

145 2710 250 2748 tione
277 2711 492 2752 altitudinis
512 2703 541 2766 ὲ
565 2715 602 2752 E
625 2715 660 2753 L
680 2714 730 2753 ad
749 2714 996 2753 altitudinem
1019 2715 1056 2753 A
1082 2716 1124 2759 c,
1155 2716 1195 2754 et

147 2763 295 2801 ratione
312 2766 426 2814 spatii
453 2771 480 2805 4
503 2770 539 2806 A
568 2768 600 2806 C
628 2768 678 2806 ad
704 2768 870 2817 spatium
901 2774 925 2806 2
947 2769 983 2806 E
1005 2768 1040 2806 L
1063 2769 1192 2819 (280),

148 2815 190 2852 id
208 2824 276 2863 est,
306 2818 347 2855 in
365 2818 513 2860 ratione
532 2821 744 2869 composita
763 2833 810 2858 ex
830 2821 978 2859 ratione
997 2821 1193 2859 densitatis

148 2881 260 2918 aquae
288 2870 338 2908 ad
368 2871 596 2912 densitatem
628 2873 794 2924 cylindri
832 2875 868 2911 A
894 2875 929 2912 B
953 2875 994 2912 D
1018 2875 1049 2913 C
1076 2882 1115 2911 et
1132 2887 1193 2911 ra-

147 2921 251 2959 tione
271 2927 295 2960 2
314 2923 363 2962 ad
383 2930 420 2963 3.
482 2928 523 2965 Si
553 2928 683 2977 itaque
709 2927 765 2964 vis
791 2926 870 2977 qua
896 2935 1000 2965 totus
1031 2927 1194 2977 cylindri

151 2975 190 3012 A
224 2976 260 3014 B
294 2977 335 3014 D
369 2978 401 3016 C
437 2988 580 3026 motuS,
624 2979 865 3018 intereadum
906 2980 1192 3031 longitudinem

147 3032 173 3065 4
194 3028 234 3066 A
258 3029 303 3073 C,
333 3031 581 3072 uniformiter
607 3033 798 3076 describit,
832 3035 1005 3084 generari
1023 3033 1084 3071 vel
1108 3034 1192 3072 tolli

146 3081 277 3130 possit,
312 3083 361 3121 sit
379 3085 428 3122 ad
447 3086 526 3124 vim
546 3087 714 3137 aliquam
736 3087 783 3133 P,
812 3094 858 3125 ut
876 3086 1042 3125 densitas
1068 3088 1190 3138 cylin-

149 3133 210 3172 dri
247 3135 285 3173 A
317 3137 352 3175 B
384 3139 424 3176 D
457 3140 489 3178 C
526 3142 577 3179 ad
603 3139 832 3178 densitatem
864 3152 986 3191 aquae,
1018 3141 1089 3179 erit
1123 3141 1190 3193 (e'x

153 3187 285 3238 aequo)
311 3191 465 3240 pondus
486 3193 659 3243 praedicti
678 3193 840 3243 cylindri
858 3206 967 3244 aquae
985 3193 1035 3232 ad
1053 3195 1131 3231 vim
1153 3194 1189 3233 P

146 3248 193 3278 ut
212 3246 236 3278 2
254 3241 303 3280 ad
323 3249 359 3289 3,
379 3246 494 3296 atque
512 3246 601 3286 ideo
619 3246 772 3296 pondus
785 3247 948 3296 cylindri
966 3260 1088 3298 aquae,
1108 3249 1186 3299 quo

144 3297 357 3334 resistentia
381 3298 509 3338 minor
526 3313 607 3339 esse
625 3312 706 3339 non
732 3307 881 3350 potest;
914 3312 1032 3352 quam
1057 3301 1101 3339 in
1124 3311 1186 3340 ra-

145 3347 251 3386 tione
272 3353 296 3387 2
314 3350 365 3389 ad
384 3355 421 3391 3.
