2502 4192
95 276 277 328 Llssmt
306 275 576 336 Ssscunn]
659 269 1059 322 PRINCIPIA
1102 266 1723 321 MATHEMATICA.
2131 271 2229 322 177

86 414 284 466 locitati
318 429 475 481 quam
510 410 710 479 globus,
750 409 1246 478 perpendiculariter
1282 407 1515 459 cadendo
1542 418 1592 459 et
1618 425 1736 457 casu
1765 423 1858 458 suo
1889 405 2230 458 describendo

87 501 410 554 altitudinem
435 516 582 549 arcus
609 498 743 549 illius
770 498 904 548 sinui
929 516 1077 549 verso
1103 497 1371 567 aequalem,
1401 497 1665 566 acquirere
1692 505 1879 564 posset.
1946 495 2041 546 Est
2059 507 2228 547 autem

85 594 232 659 sinus⁴
253 589 338 641 ille
364 606 539 640 versus
565 588 619 638 in
645 587 875 657 cycloide
901 588 967 638 ad
993 607 1170 640 arcum
1210 590 1366 640 istum
1403 591 1538 656 6235?
1564 598 1621 639 ut
1646 606 1794 639 arcus
1820 587 1958 638 idem
1997 587 2063 637 ad
2099 606 2227 655 pen-

79 681 193 733 duli
236 676 613 748 longitudinem
654 676 866 744 duplam
911 683 1033 739 252,
1088 687 1139 728 et
1187 686 1464 745 propterea
1512 676 1722 746 aequalis
1767 675 1938 746 digitis
1993 682 2073 738 15,
2104 681 2226 730 278.

86 776 265 836 Quare
302 771 543 823 velocitas
581 789 641 821 ea
662 770 774 838 ipsa
816 780 893 820 est
931 788 1085 839 quam
1125 788 1313 838 corpus
1357 770 1591 822 cadendo
1628 780 1678 821 et
1716 788 1836 821 casu
1875 787 1966 820 suo
2004 767 2227 836 spatium

85 873 167 928 15,
198 870 299 920 278
329 863 608 934 digitorum
635 860 977 912 describendo
1003 861 1269 930 acquirere
1295 871 1486 929 posset.
1565 860 1684 912 Tali
1710 860 1867 929 igitur
1893 877 2011 909 cum
2036 857 2225 908 veloci-

78 966 183 1021 tate
221 955 406 1025 globus
445 952 787 1005 resistentiam
822 951 1031 1019 patitur,
1073 970 1191 1020 quae
1216 953 1282 1002 sit
1306 952 1374 1002 ad
1399 953 1507 1020 ejus
1544 950 1749 1019 pondus
1787 959 1845 1000 ut
1882 958 1932 1011 0,
1957 954 2131 1002 61705
2160 947 2226 998 ad

84 1051 200 1106 121,
248 1044 327 1094 vel
355 1044 418 1112 (q)
448 1041 512 1110 (si
536 1040 841 1092 resistentiae
865 1058 986 1107 pars
1024 1039 1111 1090 illa
1146 1040 1254 1091 sola
1291 1051 1549 1108 spectetur
1586 1057 1704 1109 quae
1741 1049 1817 1089 est
1852 1038 1905 1088 in
1942 1037 2224 1089 velocitatis

79 1132 278 1183 ratione
304 1126 585 1197 duplicata)
613 1137 670 1178 ut
696 1136 746 1189 0,
772 1133 946 1181 56752
974 1126 1040 1177 ad
1071 1134 1187 1179 121.

138 1222 196 1290 (r)
217 1218 589 1287 Experimento
606 1226 778 1268 autem
796 1217 1147 1286 hydrostatico
1167 1218 1338 1269 inveni
1355 1218 1494 1287 quod
1510 1218 1715 1287 pondus
1732 1218 1875 1289 globi
1890 1218 2043 1288 hujus
2063 1218 2223 1289 lignei

80 1319 214 1361 esset
239 1307 306 1358 ad
330 1306 535 1374 pondus
560 1304 703 1375 globi
727 1305 876 1374 aquei
914 1306 1281 1376 magnitudinis
1309 1306 1539 1375 ejusdem
1564 1317 1623 1358 ut
1649 1314 1714 1359 55
1743 1307 1809 1358 ad
1837 1313 1905 1362 97
1923 1327 1933 1358 ε
1981 1317 2032 1358 et
2067 1326 2224 1376 prop·-

76 1409 216 1450 terea
241 1414 358 1448 cum
389 1402 481 1446 121
515 1395 581 1445 sit
606 1393 672 1445 ad
698 1400 820 1456 213,
850 1401 882 1445 4
910 1395 960 1444 in
1002 1394 1181 1446 eadem
1210 1396 1426 1458 ratione,
1469 1396 1565 1447 erit
1593 1396 1881 1448 resistentia
1905 1396 2048 1467 globi
2074 1400 2224 1467 aquei

76 1483 290 1554 praefata
318 1502 435 1534 cum
460 1482 727 1534 velocitate
764 1483 1143 1552 progredientis
1183 1485 1239 1552 (ὃ)
1267 1484 1333 1535 ad
1358 1484 1517 1549 ipsius
1543 1484 1747 1552 pondus
1774 1494 1832 1536 ut
1857 1493 1906 1545 O,
1943 1492 2116 1540 56752
2156 1487 2224 1538 ad

78 1582 199 1636 213,
227 1581 277 1636 4,
306 1573 360 1623 id
385 1580 477 1634 est,
508 1581 565 1623 ut
594 1578 616 1622 l
648 1571 715 1621 ad
743 1572 930 1636 376315.

75 1683 204 1734 pore
242 1662 427 1733 globus
465 1679 582 1712 cum
620 1660 889 1713 velocitate
927 1661 1252 1714 uniformiter
1289 1661 1585 1717 continuata
1627 1663 1683 1731 (ἴ)
1711 1661 1972 1714 describat
1996 1664 2223 1734 longitu-

1008 1572 1164 1624 Unde
1190 1572 1308 1623 cum
1332 1573 1538 1641 pondus
1575 1573 1718 1643 globi
1755 1573 1921 1642 aquei,
1964 1593 2067 1644 quo
2093 1586 2222 1626 tem-

75 1755 249 1805 dinem
274 1753 555 1823 digitorum
583 1759 666 1814 30,
697 1758 818 1814 556,
863 1752 1186 1803 velocitatem
1213 1752 1353 1803 illam
1380 1770 1588 1804 omnem
1613 1752 1668 1801 in
1705 1751 1864 1822 globo
1890 1753 2106 1805 cadente
2132 1775 2222 1826 ge-

75 1862 256 1895 nerare
294 1852 497 1911 posset3
542 1842 606 1909 (¹¹)
634 1841 962 1893 manifestum
1002 1853 1080 1894 est
1117 1843 1258 1913 quod
1295 1843 1370 1894 vis
1415 1843 1722 1895 resistentiae
1765 1844 1949 1895 eodem
1990 1857 2223 1914 tempore

73 1932 402 1987 uniformiter
427 1931 723 1982 continuata
749 1930 929 1982 tollere
965 1942 1141 1999 posset
1167 1931 1489 1983 velocitatem
1514 1932 1770 1983 minorem
1794 1933 1849 1983 in
1874 1933 2072 1985 ratione
2102 1942 2123 1984 1
2156 1936 2223 1986 ad

76 2055 262 2118 3763¹(—„
302 2053 402 2104 hoc
427 2061 519 2113 est,
560 2049 840 2102 velocitatis
865 2052 1022 2103 totius
1047 2063 1247 2121 partem
1440 2091 1453 2103 .
1530 2052 1602 2104 Et
1634 2063 1911 2122 propterea
1948 2073 2053 2123 quo
2090 2066 2220 2107 tem-

1266 2104 1437 2168 376315

74 2214 201 2265 pore
225 2195 429 2267 globUS,
458 2192 517 2244 ea
544 2210 662 2242 cum
688 2191 957 2244 velocitate
982 2192 1305 2244 uniformiter
1323 2183 1635 2256 continuata,
1662 2192 2041 2264 longitudinem
2067 2197 2221 2247 semi-

75 2287 311 2339 diametri
349 2303 472 2347 suae‚
518 2302 608 2335 seu
645 2282 925 2354 digitorum
955 2286 1069 2351 3525,
1111 2284 1402 2336 describere
1427 2293 1616 2353 posset,
1661 2284 1727 2353 (¹)
1755 2284 1938 2337 eodem
1964 2286 2219 2340 amitteret

75 2374 244 2427 motus
271 2374 349 2427 sui
374 2382 574 2443 partem
598 2372 745 2438 ἵξῃ.

131 2536 186 2589 (q)
209 2539 232 2562 *
253 2539 293 2576 Si
306 2538 523 2576 resistentiae
534 2550 627 2586 pars
644 2538 708 2575 illa
727 2537 816 2579 sola,
835 2535 905 2572 &c.
959 2533 1118 2572 sienim

77 2590 119 2627 in
136 2589 360 2639 quantitate,
380 2595 419 2636 O,
439 2594 624 2629 0022169
645 2590 684 2626 V
701 2592 720 2611 ²
739 2601 827 2638 quae
845 2595 901 2625 est
918 2587 967 2624 ad
992 2586 1118 2638 longi-

78 2642 253 2681 tudinem
283 2641 440 2691 penduli
475 2649 520 2679 ut
551 2642 772 2680 resistentiae
794 2653 881 2689 pars
908 2640 1118 2678 velocitatis

78 2695 263 2745 quadrato
293 2694 585 2743 proportionalis
602 2694 651 2732 ad
670 2694 835 2742 corporis
855 2693 1006 2741 pondus
1032 2693 1118 2731 loco

81 2748 120 2785 V
138 2747 323 2785 scribatur
347 2752 406 2794 16,
441 2755 480 2785 et
510 2747 596 2785 loco
625 2747 664 2784 V
682 2749 701 2770 2
729 2748 913 2784 scribatur
934 2751 1022 2790 256,
1052 2745 1119 2784 fiet

79 2805 118 2847 O,
137 2805 322 2840 0022169
344 2800 382 2837 V
400 2802 419 2823 2
439 2816 495 2837 =
514 2805 553 2846 O,
574 2803 716 2844 56752,
738 2798 1041 2849 quamproxime.

133 2853 187 2904 (Γ)
218 2856 239 2878 *
262 2856 529 2903 Experimento
555 2860 685 2891 autem
712 2853 971 2902 leydrostalico.
1035 2851 1115 2888 Ex-

77 2906 334 2954 perimentum
352 2905 464 2943 facile
483 2913 550 2944 est.
600 2904 703 2943 Cum
717 2905 819 2942 enim
839 2917 977 2952 corpus
995 2903 1117 2941 fluido

78 2959 316 3003 immersum,
346 2957 480 2996 eadem
499 2958 535 2995 vi
554 2971 707 2996 sursum
734 2965 918 3007 urgeatur
943 2957 1020 3007 qua
1048 2969 1118 3005 par

79 3010 188 3048 fluidi
207 3011 389 3047 volumen
408 3011 628 3055 sustinetur,
649 3010 689 3047 id
709 3018 777 3055 est,
798 3010 836 3046 vi
855 3022 941 3059 quae
960 3009 1117 3059 aequalis

80 3071 138 3102 est
155 3063 314 3112 ponderi
333 3062 442 3101 fluidi
457 3063 626 3113 ejusdem
646 3062 926 3114 magnitudinis
947 3063 1057 3114 (Cor.
1074 3066 1112 3101 5.

80 3123 118 3154 et
136 3121 173 3155 6.
200 3116 314 3164 Prop.
337 3116 434 3154 XX.
460 3116 548 3154 Lib.
572 3115 706 3167 hujus)
736 3128 874 3164 corpus
892 3115 1013 3152 fluido
1031 3128 1116 3164 spe-

81 3167 190 3207 cifice
230 3168 362 3206 leviori
398 3169 620 3206 immersum
659 3168 839 3217 ponderis
874 3168 934 3206 sui
970 3175 1117 3217 partem

80 3221 231 3260 amittet
254 3222 439 3271 aequalem
454 3222 614 3271 ponderi
632 3221 742 3259 fluidi
762 3221 935 3270 ejusdem
953 3221 1117 3259 volumi-

81 3273 167 3321 nis;
187 3282 226 3312 et
244 3273 441 3323 propterea
458 3275 488 3312 si
502 3288 639 3324 corpus
653 3274 751 3312 illud
764 3273 885 3312 fluido
898 3274 1122 3311 immersum

80 3326 325 3375 ponderetur,
361 3335 611 3377 cognoscetur
636 3326 788 3376 pondus
814 3326 924 3364 fluidi
948 3326 1121 3378 ejusdem

84 3378 365 3430 magnitudinis
380 3391 471 3417 cum
489 3392 658 3429 corpore.
720 3380 761 3418 Si
781 3379 944 3417 fluidum
965 3392 1122 3428 corpore

81 3430 346 3482 immergendo
364 3431 538 3480 specifice
556 3433 708 3482 gravius
726 3433 787 3479 sit,
809 3432 956 3481 corpori
975 3432 1032 3469 illi
1050 3432 1118 3470 ad-

78 3484 195 3535 jungi
211 3492 335 3533 potest
353 3484 461 3522 aliud
480 3497 617 3533 corpus
634 3485 788 3536 majoris
813 3486 1007 3535 gravitatis
1034 3498 1117 3533 spe-

83 3537 204 3626 ἓίίὶεω
219 3545 266 3576 ut
282 3549 417 3575 eorum
435 3549 590 3575 summa
617 3536 737 3575 fluido
768 3536 942 3586 specifice
969 3537 1120 3589 gravior

112 3598 162 3628 at-

29 3631 32 3634 *
137 3642 189 3694 (⁸)
210 3644 276 3681 Ad
292 3644 409 3692 ipsius
423 3645 587 3691 pondus.
637 3641 867 3681 Resistentia
884 3642 988 3693 globi
1007 3641 1119 3680 solidi

85 3695 244 3744 aequalis
261 3702 316 3733 est
333 3695 555 3733 resistentiae
574 3693 680 3745 globi
699 3696 809 3744 aquei
821 3695 993 3745 ejusdem
1010 3707 1120 3745 mag-

85 3747 273 3785 nitudinis
291 3754 329 3785 et
346 3760 437 3785 cum
451 3745 587 3785 eadem
614 3747 810 3785 velocitate
827 3747 868 3784 in
888 3747 1022 3785 eodem
1040 3759 1122 3786 me-

1172 2533 1223 2571 ad
1241 2532 1413 2584 ejusdem
1438 2533 1590 2581 pondus
1607 2541 1652 2572 ut
1669 2539 1709 2583 O,
1725 2538 1856 2574 56752
1875 2536 1925 2573 ad
1949 2540 2031 2581 121,
2062 2546 2101 2575 et
2120 2550 2215 2586 pon-

1171 2586 1245 2624 dus
1261 2587 1366 2637 globi
1385 2586 1496 2624 solidi
1515 2586 1563 2624 ad
1582 2587 1734 2635 pondus
1752 2588 1855 2639 globi
1876 2590 1987 2638 aquei
2006 2597 2051 2627 ut
2073 2595 2141 2628 121
2166 2592 2214 2630 ad

1172 2656 1306 2697 215.4,
1328 2664 1394 2688 seu
1414 2658 1460 2689 ut
1484 2656 1499 2688 1
1523 2651 1572 2689 ad
1590 2643 1737 2706 3763-15
1756 2654 2059 2702 quamproxime.

1225 2703 1278 2755 (t)
1309 2707 1330 2729 ⁴⁵
1352 2706 1552 2743 Describat
1580 2707 1855 2754 lngitudinem
1875 2709 1980 2756 digit.
2033 2713 2098 2754 30,
2120 2712 2212 2754 556,

1170 2757 1331 2806 duplam
1344 2757 1528 2794 nimirum
1540 2756 1796 2808 longitudinis
1810 2759 2020 2808 digitorum
2041 2765 2101 2800 15.
2121 2766 2212 2809 278,

1170 2823 1258 2861 quae
1277 2809 1516 2847 velocitatem
1544 2810 1653 2848 illam
1680 2824 1836 2849 omnem
1856 2812 1897 2849 in
1916 2812 2035 2863 globo
2054 2814 2215 2853 cadente

1170 2875 1353 2913 generare
1371 2870 1497 2911 posset
1517 2864 1601 2914 (29.
1625 2863 1712 2902 Lib.
1740 2864 1811 2913 L).

1224 2929 1280 2981 (¹³)
1305 2933 1325 2955 ²*
1348 2932 1602 2983 Manifestum
1620 2939 1683 2969 est.
1747 2931 1846 2969 Sunt
1865 2932 1968 2968 enim
1997 2933 2215 2972 velocitates

1170 2983 1259 3020 dato
1286 2991 1457 3032 tempore
1482 2984 1625 3033 genitae
1643 2984 1705 3021 vel
1723 2985 1915 3030 extinctae,
1950 2993 1994 3024 ut
2012 2986 2109 3024 vires
2127 2988 2214 3037 qui-

1168 3037 1241 3073 bus
1258 3043 1493 3086 generantur
1520 3036 1579 3074 vel
1606 3037 1891 3087 extinguuntur
1911 3040 1994 3089 (13.
2020 3039 2107 3077 Lib.
2135 3041 2209 3090 L).

1225 3105 1284 3157 (¹)
1326 3109 1345 3130 ³*
1387 3108 1534 3145 Eodem
1569 3109 1756 3145 amitteret
1792 3107 1914 3146 motas
1950 3112 2014 3148 sui
2044 3119 2208 3160 partem.

1173 3158 1278 3196 Nam
1296 3158 1514 3197 velocitates
1532 3158 1668 3197 eadem
1688 3160 1725 3197 vi
1744 3168 1943 3199 constante
1963 3162 2022 3200 vel
2037 3164 2215 3202 extinctae

1172 3220 1264 3250 sunt
1293 3219 1337 3250 ut
1369 3219 1542 3260 tempora
1573 3214 1713 3263 quibus
1743 3222 1977 3263 generantur
2005 3216 2063 3253 vel
2091 3218 2215 3255 extin-

1176 3272 1354 3316 guuntur
1374 3267 1455 3317 (13.
1481 3265 1570 3303 Lib.
1595 3266 1627 3302 1.
1638 3265 1667 3314 ),
1688 3266 1754 3303 sed
1773 3274 1947 3315 tempora
1964 3269 2106 3319 quibus
2132 3283 2213 3308 cor-

1175 3330 1268 3365 pora
1295 3317 1374 3355 duo
1402 3316 1536 3355 eadem
1563 3318 1763 3356 velocitate
1782 3320 1966 3357 uniformi
1985 3333 2215 3370 percurrunt

1175 3383 1436 3433 longitudines
1467 3384 1577 3435 digit.
1607 3390 1670 3430 30,
1692 3388 1781 3430 556,
1804 3393 1842 3424 et
1859 3386 1967 3437 digit.
1991 3377 2096 3440 31—75,
2125 3397 2216 3426 sunt

1172 3444 1217 3474 ut
1233 3437 1294 3473 hae
1313 3436 1575 3487 longitudines
1598 3440 1652 3488 (5.
1677 3437 1765 3476 Lib.
1792 3438 1863 3487 1.).
1926 3440 2058 3484 Quare
2076 3441 2216 3479 veloci-

1173 3497 1269 3527 tates
1286 3490 1434 3526 amissae
1452 3499 1544 3528 sunt
1561 3498 1606 3529 ut
1624 3490 1770 3529 eaedem
1784 3491 2058 3543 longitudines,
2080 3504 2118 3531 et
2129 3493 2216 3532 ideo

1689 3548 1704 3581 1

1627 3612 1704 3648 376
1731 3612 1747 3640 1

1172 3683 1253 3710 sam
1262 3683 1309 3709 eo
1314 3678 1485 3720 tempore
1491 3685 1569 3723 quo
1575 3641 2007 3727 globuglffngitudinem
2017 3676 2216 3715 semi-dia-

1175 3736 1288 3775 metri
1301 3749 1382 3774 suae
1397 3749 1464 3775 seu
1479 3737 1587 3789 digit.
1608 3729 1714 3793 8125,
1728 3740 1935 3790 percurrit3
1951 3739 2056 3778 unde
2066 3740 2213 3777 inveni-

1171 3578 1237 3620 30,
1266 3576 1345 3613 556
1363 3573 1413 3612 ad
1432 3564 1539 3629 3125,
1559 3582 1604 3614 ut
1786 3576 1836 3615 ad
1848 3577 2088 3616 velocitatem
2099 3577 2214 3616 amis-

0 3825 7 3859 'ss
83 3799 151 3839 dio
169 3799 457 3850 progredientis,
485 3799 553 3838 sed
573 3799 786 3839 resistentia
813 3799 917 3851 globi
937 3799 1049 3839 solidi
1067 3808 1124 3840 est
1176 3810 1242 3840 tur
1255 3802 1433 3843 velocitas
1443 3802 1510 3843 illa
1523 3805 1662 3845 amissa
1674 3822 1731 3844 =
1746 3796 1890 3858 33¹3&
1909 3806 2211 3856 quamproxime.

135 3870 236 3909 Vox..
261 3870 323 3908 ΙΙ.

1122 3870 1172 3908 M
