2502 4192
740 249 1304 307 PHILOSOPHIAE
1317 254 1331 271 ³
1343 248 1796 304 NATURALIS

215 262 318 310 316
1906 248 2085 314 [ΜοΤ.
2115 247 2357 299 Conpon.

209 404 338 448 nant
360 394 495 447 inter
519 413 588 447 se.
667 394 753 448 Sic
777 394 832 445 in
855 392 1113 462 principio
1139 392 1273 462 signi
1298 390 1547 461 VirginiS,
1593 388 1685 440 ubi
1722 388 1986 458 aphelium
2025 387 2216 439 Martis
2247 388 2360 456 jam

209 495 459 549 versatur,
498 486 737 538 distantia
761 485 896 536 inter
921 485 1071 536 orbes
1099 483 1288 535 Martis
1314 492 1365 533 et
1389 482 1611 533 Veneris
1637 491 1712 532 est
1738 480 1806 534 ad
1832 480 2128 533 distantiam
2165 498 2354 532 eorun-

212 575 332 626 dem
374 574 579 625 orbium
616 574 670 623 in
707 573 965 642 principio
1001 572 1135 643 signi
1174 571 1402 623 Piscium
1427 579 1485 621 ut
1509 570 1608 621 tria
1633 569 1700 620 ad
1725 569 1831 620 duo
1857 569 2074 633 circiter,
2119 578 2170 621 et
2194 587 2354 637 prop-

209 673 352 715 terea
393 661 607 713 materia
649 661 853 712 vorticis
898 660 1034 712 inter
1075 660 1227 711 orbes
1264 659 1380 710 illos
1417 658 1472 709 in
1508 658 1764 727 principio
1793 658 2023 709 Piscium
2052 658 2206 709 debet
2244 675 2355 708 esse

209 754 434 806 velocior
461 752 614 824 quam
640 753 695 804 in
718 752 973 822 principio
998 750 1228 821 Virginis
1255 750 1313 819 (s)
1336 750 1390 801 in
1410 749 1608 800 ratione
1628 749 1784 799 trium
1811 747 1878 799 ad
1903 748 2024 799 duo.
2089 748 2226 799 Nam
2250 766 2354 817 quo

210 847 476 917 angustius
503 856 580 898 est
607 846 830 915 spatium
854 863 950 913 per
976 843 1117 914 quod
1155 843 1334 895 eadem
1370 842 1599 893 materiae
1637 841 1894 911 quantitas
1933 840 2117 891 eodem
2152 840 2355 892 revolu-

209 938 362 988 tionis
405 938 557 988 unius
598 947 833 1006 tempore
873 932 1072 996 transit,
1115 952 1178 985 eo
1220 933 1403 1002 majori
1443 951 1563 984 cum
1604 932 1878 983 velocitate
1919 931 2140 982 transire
2183 930 2352 982 debet.

210 1028 379 1098 Igitur
404 1028 445 1079 si
472 1028 639 1079 Terra
660 1027 714 1077 in
738 1025 837 1078 hac
862 1023 1075 1077 materia
1103 1024 1295 1076 coelesti
1322 1023 1532 1075 relative
1571 1023 1839 1093 quiescens
1866 1023 1931 1074 ab
1959 1022 2018 1074 ea
2046 1021 2353 1084 deferretur,

209 1126 261 1168 et
298 1115 401 1167 una
444 1116 580 1168 circa
623 1115 796 1168 Solem
845 1115 1212 1176 revolveretur,
1257 1113 1314 1181 (Β)
1356 1112 1491 1163 foret
1529 1111 1685 1181 hujus
1726 1111 1969 1163 velocitas
2008 1112 2062 1161 in
2100 1111 2357 1179 principio

211 1205 438 1256 Piscium
459 1205 524 1256 ad
544 1205 773 1274 ejusdem
792 1204 1114 1256 velocitatem
1130 1203 1183 1254 in
1197 1202 1455 1272 principio
1473 1202 1702 1273 Virginis
1718 1202 1773 1253 in
1789 1202 1988 1254 ratione
2005 1200 2354 1271 sesquialtera.

210 1293 272 1362 (t)
303 1294 461 1347 Unde
492 1294 625 1346 Solis
651 1304 821 1345 motus
860 1293 1074 1344 diurnus
1113 1310 1366 1365 apparens
1392 1291 1446 1341 in
1471 1291 1726 1359 principio
1752 1291 1984 1362 Virginis
2020 1292 2186 1360 major
2220 1300 2356 1342 esset

210 1381 363 1452 quam
388 1383 709 1433 minutorum
746 1382 1034 1450 primorum
1070 1380 1411 1451 septuaginta,
1453 1389 1505 1431 et
1536 1380 1590 1429 in
1623 1379 1881 1448 principio
1921 1380 2150 1431 Piscium
2186 1379 2358 1431 minor

209 1469 363 1540 quam
389 1471 707 1521 minutorum
728 1470 1069 1541 quadraginta
1089 1479 1235 1520 octo:
1264 1478 1314 1519 et
1331 1467 1448 1519 cum
1465 1478 1636 1519 tamen
1659 1466 1996 1536 (experientia
2018 1468 2167 1533 teste)
2195 1486 2356 1536 appa-

208 1578 326 1610 rens
348 1560 443 1610 iste
468 1560 599 1611 Solis
618 1569 789 1610 motus
810 1559 974 1627 major
992 1558 1056 1609 sit
1077 1558 1130 1608 in
1155 1557 1412 1625 principio
1437 1557 1665 1608 Piscium
1693 1555 1848 1625 quam
1873 1556 1924 1607 in
1946 1556 2205 1625 principio
2232 1556 2355 1607 v-ir-

207 1649 358 1719 ginis,
403 1658 455 1699 et
479 1659 756 1716 propterea
784 1649 951 1700 Terra
976 1650 1200 1702 velocior
1225 1651 1278 1700 in
1304 1649 1561 1718 principio
1582 1649 1811 1720 Virginis
1840 1648 1992 1719 quam
2019 1651 2073 1700 in
2098 1650 2356 1718 principio

212 1739 457 1790 Piscium.
540 1742 607 1807 (u)
637 1739 818 1808 Itaque
853 1739 1154 1809 hypothesis
1184 1740 1435 1792 vorticum
1464 1758 1581 1792 cum
1611 1739 1967 1808 phaenomenis
1999 1740 2354 1791 astronomicis

208 1828 420 1878 omnino
444 1835 658 1896 pugnat,
699 1838 749 1878 et
773 1846 881 1878 non
906 1838 1011 1878 tam
1037 1828 1103 1879 ad
1130 1828 1464 1901 explicandos
1491 1826 1643 1898 quam
1670 1827 1737 1878 ad
1761 1828 2144 1896 perturbandos
2182 1840 2354 1882 motus

209 1918 442 1969 coelestes
470 1916 726 1968 conducit.
822 1917 1105 1979 Quomodo
1140 1918 1265 1970 vero
1298 1927 1468 1972 motus
1506 1917 1590 1970 isti
1628 1918 1683 1967 in
1723 1917 1899 1985 spatiis
1942 1917 2118 1970 liberis
2156 1919 2354 1989 absque

208 2009 487 2060 vorticibus
513 2018 848 2080 peraguntur,
887 2010 1104 2082 intelligi
1140 2020 1310 2080 potest
1335 2029 1400 2062 ex
1426 2009 1590 2062 Libro
1624 2009 1809 2080 primo,
1850 2018 1902 2060 et
1925 2009 1980 2061 in
2007 2009 2202 2062 Mundi
2231 2011 2354 2080 Sys-

210 2110 398 2152 temate
422 2099 624 2168 plenius
650 2100 934 2153 docebitur.

267 2254 320 2307 (¹)
342 2257 363 2280 ²*
386 2257 440 2295 In
466 2257 611 2295 ratione
636 2256 754 2295 trium
774 2258 823 2294 ad
842 2259 917 2295 duo
947 2257 1033 2309 (per
1051 2263 1129 2294 not.
1153 2269 1251 2306 prae·
1309 2258 1377 2296 Xz
1406 2257 1453 2295 M
1467 2279 1520 2289 —
1534 2257 1575 2295 X
1588 2272 1645 2294 -==
1663 2262 1686 2296 3
1704 2272 1712 2295 :
1734 2261 1771 2304 2,
1791 2256 1897 2295 unde
1915 2255 2107 2294 invenitur
2129 2256 2168 2294 X
2184 2271 2240 2292 =
2256 2244 2286 2307 ἐν
2303 2255 2351 2294 Μ

213 2308 314 2357 ced.)
1306 2328 1363 2348 =
1386 2310 1484 2350 7o7“
1501 2324 1617 2361 quam
1649 2310 1834 2359 proxime,
1866 2323 1911 2348 ac
1942 2309 2103 2360 proinde
2131 2310 2203 2347 erit
2223 2311 2268 2347 M
2293 2309 2347 2361 -Ι-

269 2361 320 2413 (³)
343 2364 364 2386 ¹*
386 2365 503 2401 Foret
522 2363 639 2412 hujus
658 2365 840 2401 velocitas.
899 2363 963 2400 Ex
983 2363 1256 2401 observationi·
1313 2366 1355 2402 X
1383 2381 1440 2400 =
1470 2363 1596 2402 4255⁰
1623 2380 1679 2400 =
1710 2363 1770 2403 70'
1797 2364 1850 2417 -ἱ-
1873 2364 1958 2409 55”,
1993 2372 2031 2401 et
2064 2363 2111 2401 M
2138 2384 2193 2393 —
2223 2363 2261 2400 X
2292 2378 2350 2399 =

214 2416 289 2452 bus
317 2416 579 2453 astronomicis
608 2424 756 2453 constat
786 2417 946 2454 Terram
974 2416 1073 2454 inter
1095 2417 1259 2455 Veneris
1312 2417 1436 2456 2841¹¹
1456 2434 1512 2453 =
1532 2416 1594 2456 47'
1610 2418 1663 2470 -Ι-
1687 2416 1770 2454 21”.
1833 2416 1942 2468 Ergo
1966 2416 2064 2453 Solis
2089 2424 2218 2454 motus
2244 2414 2351 2452 diur-

217 2475 256 2505 et
276 2469 416 2505 Martis
434 2471 542 2505 orbes
560 2470 720 2518 positam
741 2482 832 2507 esse.

272 2522 323 2572 (t)
361 2524 382 2546 ⁷*
422 2522 530 2561 Unda
566 2525 657 2561 Solis
692 2530 815 2561 motus
851 2525 1018 2562 diurnus
1049 2537 1245 2573 apparens.

220 2574 304 2611 Hic
339 2582 468 2612 motus
505 2583 560 2613 est
595 2576 764 2626 angulus
792 2589 907 2626 quem
942 2577 1019 2621 Sol,
1057 2577 1172 2614 radiis
1203 2576 1253 2615 ad

219 2628 380 2665 Terram
409 2628 547 2674 ductis,
585 2629 740 2678 proprio
770 2638 879 2666 motu
910 2632 958 2667 ab
989 2629 1186 2667 occidente
1212 2630 1255 2667 in

217 2680 403 2718 orientem
432 2694 666 2731 unoquoque
693 2681 756 2719 die
783 2682 993 2720 describere
1021 2682 1131 2720 nobis
1151 2683 1254 2721 vide-

217 2740 294 2777 tur,
328 2746 444 2783 quem
475 2734 632 2784 quidem
670 2736 860 2785 angulum
893 2736 1025 2781 Terra,
1064 2736 1179 2774 radiis
1205 2736 1257 2775 acl

221 2786 351 2825 Solem
371 2786 508 2831 ductis,
537 2788 577 2824 in
597 2788 793 2838 hypothesi
819 2788 1065 2837 Copta-nicea,
1086 2789 1249 2828 conficit.

223 2837 346 2877 Pon-6
365 2840 606 2878 notissimum
626 2849 691 2883 est,
713 2842 900 2879 circulum
921 2842 1031 2880 illum
1050 2855 1167 2892 quem
1189 2843 1257 2881 Sol

219 2892 319 2929 inter
350 2892 445 2930 fixas
475 2902 585 2932 motu
614 2907 746 2933 annuo
775 2895 986 2933 describere
1018 2895 1178 2940 videtur,
1207 2898 1256 2934 ab

220 2946 447 2983 astronomis
478 2946 597 2985 dividi
628 2947 669 2985 in
694 2955 819 2996 partes
846 2948 1049 2986 duodecim
1078 2948 1255 2999 aequales,

219 3011 286 3036 seu
306 3000 417 3048 signa
434 3012 598 3048 quorum
619 3001 700 3038 haec
719 3001 799 3039 duo
820 3001 943 3052 Virgo
961 3008 1000 3039 et
1021 3002 1149 3040 Pisces
1168 3011 1258 3040 sunt

219 3051 360 3089 directe
379 3053 565 3101 opposita,
598 3052 653 3091 ita
671 3062 716 3091 ut
733 3054 828 3091 dum
850 3054 970 3092 Terra
987 3055 1028 3092 in
1053 3056 1254 3105 hypothesi

224 3104 439 3152 Copernici‚
473 3107 588 3143 estin
607 3107 794 3154 principio
824 3108 1007 3154 Piscium,
1045 3108 1110 3146 Sol
1137 3122 1254 3158 appa-

219 3165 300 3194 reat
318 3157 358 3194 in
377 3157 563 3207 principio
585 3160 759 3211 Virginis
785 3169 824 3199 et
850 3160 996 3199 contra.
1060 3161 1163 3200 Cum
1182 3162 1255 3212 igi-

219 3217 283 3247 tur
301 3211 497 3261 angularis
525 3213 703 3251 velocitas
724 3213 854 3251 Terrae
882 3214 923 3251 in
951 3214 1140 3263 principio
1170 3215 1256 3254 Pis-

219 3263 325 3300 cium
344 3264 393 3301 sit
410 3263 460 3301 ad
486 3266 570 3315 ejus
595 3266 832 3304 velocitatem
850 3268 1075 3318 angularem
1093 3268 1132 3305 in
1152 3269 1257 3317 prin-

220 3315 320 3365 cipio
354 3316 528 3367 Virginis
554 3326 599 3356 ut
618 3325 642 3357 3
660 3320 709 3357 ad
737 3324 774 3366 2,
812 3320 912 3358 Solis
939 3328 1067 3358 motus
1093 3321 1257 3360 diurnus

219 3382 407 3418 apparens
439 3371 479 3406 in
511 3372 698 3421 principio
718 3373 894 3423 Virginis
920 3381 977 3412 est
1003 3373 1053 3411 ad
1071 3375 1158 3425 ejus
1172 3388 1257 3412 mo-

220 3429 305 3459 tum
323 3431 569 3471 apparentem
587 3424 628 3461 in
647 3426 833 3475 principio
863 3426 1037 3465 Piscium
1055 3427 1097 3464 in
1121 3427 1256 3466 eadem

219 3475 365 3513 ratione
384 3481 410 3514 3
429 3475 479 3514 ad
498 3481 534 3515 2.
596 3477 694 3515 Solis
719 3488 848 3517 motus
879 3479 1042 3517 diurnus
1073 3493 1258 3530 apparens

221 3528 372 3566 medius
401 3537 458 3567 est
484 3529 726 3568 minutorum
758 3533 973 3580 primorum
994 3538 1045 3573 59
1064 3542 1102 3571 et
1119 3547 1257 3572 secun-

220 3580 359 3619 dorum
386 3587 420 3626 8,
456 3595 525 3620 seu
552 3584 810 3622 secundorum
828 3590 946 3632 3548,
978 3586 1044 3635 qui
1072 3599 1258 3625 numerus

219 3633 368 3672 dicatur
389 3636 461 3681 M;
492 3635 610 3686 quare
638 3636 669 3673 si
700 3637 798 3674 Solis
816 3646 943 3676 motus
961 3639 1124 3677 diurnus
1142 3653 1257 3689 appa·

219 3698 307 3724 rens
325 3688 365 3725 in
384 3688 572 3737 principio
594 3689 779 3740 Virginis,
801 3699 966 3738 ponatur
983 3708 1039 3728 =
1062 3690 1109 3730 M
1126 3694 1179 3744 -l-
1202 3694 1256 3739 X,

219 3747 258 3777 et
277 3740 317 3777 in
335 3741 523 3791 principio
554 3742 724 3781 Piscium
744 3759 800 3780 =
824 3744 871 3782 M
889 3767 943 3777 --
965 3746 1019 3792 X,
1041 3745 1113 3784 erit
1132 3746 1179 3784 M
1201 3747 1254 3798 4-

1312 2484 1386 2509 nus
1415 2483 1600 2519 apparens
1628 2471 1669 2506 in
1700 2469 1886 2520 principio
1909 2469 2079 2519 Virginis
2104 2470 2228 2520 major
2254 2475 2352 2506 esset

1305 2523 1421 2575 quam
1449 2524 1693 2561 minutorum
1726 2523 1939 2572 primorum
1958 2522 2211 2573 septuaginta,
2243 2529 2282 2559 et
2307 2522 2351 2559 in

1308 2577 1497 2626 principio
1517 2577 1688 2615 Piscium
1703 2578 1830 2613 minor
1843 2575 1959 2626 quam
1973 2576 2211 2613 minutorum
2227 2575 2350 2625 quad-

1308 2630 1459 2681 raginta
1494 2638 1606 2676 octo;
1649 2628 1738 2666 cum
1776 2637 1905 2666 tamen
1941 2642 1987 2666 ex
2025 2628 2349 2667 observationibus

1309 2684 1571 2722 astronomicis
1602 2682 1666 2720 Sol
1688 2683 1728 2719 in
1748 2682 1936 2731 principio
1957 2682 2131 2731 Virginis
2148 2694 2170 2718 e
2191 2681 2349 2719 Tellure

1309 2737 1414 2774 visus
1444 2744 1554 2774 motu
1590 2736 1732 2773 diurno
1767 2735 1957 2773 conficere
1989 2735 2162 2772 videatur
2193 2735 2349 2773 minuta

1309 2791 1433 2839 prima
1451 2794 1502 2828 58
1527 2788 1680 2827 tantum
1713 2789 1753 2826 in
1781 2788 1968 2838 principio
1998 2789 2170 2827 Piscium
2196 2788 2348 2826 minuta

1309 2844 1434 2893 prima
1452 2847 1505 2881 60
1523 2856 1589 2880 seu
1610 2841 1774 2893 gradum
1794 2850 1940 2880 unum?

1365 2896 1422 2949 (¹¹)
1454 2899 1474 2921 ¹*
1497 2899 1633 2947 Itaque
1660 2897 1866 2946 hypothesis
1892 2897 2085 2934 vorticum.

1312 2949 1464 2988 vorticis
1491 2949 1649 2987 materia
1675 2948 1838 2987 circulos
1856 2948 2033 2987 describit
2051 2948 2234 2998 aequatori
2262 2960 2346 2985 vor-

1311 3003 1397 3041 ticis
1431 3002 1645 3052 parallelos,
1687 3015 1841 3040 necesse
1875 3009 1933 3040 est
1970 3005 2056 3051 (per
2090 3003 2189 3039 hanc
2225 3001 2341 3048 Prop.

1310 3056 1463 3106 LIII.)
1494 3064 1539 3093 ut
1568 3055 1732 3104 planetae
1767 3068 1902 3093 omnes
1936 3054 2110 3092 ferantur
2142 3054 2182 3091 in
2213 3054 2345 3092 orbitis

1309 3110 1492 3160 aequatori
1518 3108 1719 3158 parallelis,
1746 3108 1813 3146 sed
1840 3110 2079 3146 observatum
2108 3114 2164 3145 est
2191 3105 2344 3145 nullum

1308 3162 1504 3212 planetam
1535 3163 1574 3200 in
1608 3161 1732 3200 orbita
1764 3162 1946 3211 aequatori
1977 3160 2159 3210 parallela
2189 3160 2343 3198 revolu-

1310 3216 1434 3254 tiones
1452 3229 1540 3255 suas
1557 3215 1761 3261 absolvere,
1795 3223 1834 3252 et
1852 3222 2019 3252 cometas
2036 3214 2149 3251 variis
2166 3213 2343 3251 directio-

1310 3269 1425 3306 nibus
1452 3270 1494 3306 in
1525 3281 1658 3307 omnes
1684 3268 1769 3306 coeli
1795 3269 1928 3318 plagas
1953 3267 2052 3305 ferri.
2110 3266 2260 3305 Eadem
2287 3273 2345 3304 est

1311 3322 1517 3360 difficultas
1542 3322 1575 3359 si
1601 3334 1669 3371 per
1695 3322 1773 3359 vim
1800 3321 2055 3371 centrifugam
2074 3320 2239 3369 partium
2260 3331 2344 3360 vor-

1311 3375 1396 3414 ticis
1413 3376 1625 3424 explicetur
1642 3374 1699 3412 vis
1718 3374 1927 3422 centripeta
1943 3387 2010 3412 seu
2026 3374 2190 3424 gravitas
2207 3385 2342 3421 corpo-

1311 3441 1400 3467 rum
1437 3441 1526 3479 quae
1562 3428 1611 3466 ad
1646 3440 1758 3466 axem
1795 3427 1946 3465 vorticis
1980 3425 2345 3475 perpendiculariter

1311 3481 1468 3520 tendere
1485 3482 1680 3525 deberent,
1711 3493 1789 3518 non
1809 3478 1900 3518 vero
1920 3479 1969 3518 ad
1988 3479 2139 3517 vorticis
2166 3488 2343 3524 centrum

1311 3534 1441 3585 dirigi.
1501 3534 1576 3572 Sed
1595 3534 1642 3572 de
1660 3534 1721 3571 his
1739 3533 1825 3571 vide
1848 3534 1948 3571 Acta
1968 3533 2123 3571 Erudit.
2149 3531 2251 3580 Lips.
2278 3544 2342 3569 an.

1316 3592 1428 3626 1686.
1460 3596 1499 3625 et
1532 3590 1674 3634 1695.;
1715 3586 1851 3625 Diaria
1882 3586 2037 3624 Erudit.
2078 3589 2191 3624 1703.
2228 3589 2342 3623 1707.

1315 3641 1577 3678 Monumenta
1611 3640 1729 3678 Acad.
1760 3639 1881 3677 Paris.
1908 3644 2021 3679 1709.
2049 3637 2346 3677 Dissertauones

1311 3694 1453 3731 clariss.
1477 3694 1655 3744 Hugenii
1676 3701 1715 3732 et
1737 3692 1971 3745 Bulffingeri
1987 3692 2035 3731 de
2057 3689 2186 3730 Causa
2208 3690 2346 3735 Gravia

1312 3747 1411 3785 tatis.
1899 3749 1901 3754 ’

2149 2894 2346 2938 Quoniam

994 3867 1154 3907 FINIS
1184 3867 1341 3909 TOMI
1382 3867 1664 3910 SECUNDI.
