2502 4192
754 280 1151 335 PRINCIPIA
1191 279 1803 333 MATHEMATICA.
2215 290 2237 334 1
2251 289 2280 338 7

161 286 341 338 Lmen
371 284 642 348 Sartona]

157 438 208 481 et
240 429 389 480 Lem.
417 427 575 479 v111.
603 427 719 478 Lib.
748 427 814 492 1.)
856 426 921 478 ad
947 443 1117 477 aream
1154 403 1199 477 Β
1225 426 1259 476 k
1286 444 1319 494 q
1344 435 1400 475 ut
1427 424 1479 475 K
1506 443 1539 493 q
1563 424 1629 475 ad
1653 434 1686 495 ᾖ
1710 425 1747 475 k
1771 443 1805 494 q
1844 442 1934 474 seu
1979 425 2029 475 A
2059 424 2104 475 c
2147 425 2213 477 ad
2233 436 2275 478 ><

150 516 254 581 &A
279 515 348 577 Κ,
375 514 475 566 hoc
520 524 611 577 est,
662 525 720 565 ut
767 514 841 566 vis
889 514 1151 585 gravitatis
1202 512 1268 564 ad
1318 512 1662 565 resistentiam
1710 512 1764 563 in
1812 511 1984 564 medio
2036 514 2280 581 temporis

192 622 325 654 rimi.

155 621 190 675 p
224 690 295 743 Et
320 691 384 759 (¹¹)
411 688 562 742 simili
587 700 890 761 argumento
920 707 1051 741 areae

151 779 407 850 qKLr,
448 778 704 843 rLMs,
751 797 774 830 s
823 777 887 833 M
921 779 972 831 N
1015 789 1050 842 t,

150 870 243 921 διο.
264 879 383 921 sunt
401 868 467 919 ad
486 886 629 920 areas
649 886 683 938 q
702 867 770 919 kl
790 886 831 933 r,
855 885 882 918 r
899 868 918 918 l
934 886 986 918 m
1007 886 1047 929 s,

149 976 173 1010 s
198 977 251 1009 m
275 976 309 1009 n
335 969 371 1021 t,
411 959 503 1010 διο.
542 967 600 1010 ut
622 957 756 1010 vires
786 956 1050 1028 gravitatis

148 1045 214 1097 ad
230 1045 537 1098 resistentias
553 1045 607 1099 in
622 1044 793 1097 medio
808 1044 1051 1113 temporis

147 1135 374 1198 secundi,
402 1134 552 1198 tertii,
575 1135 758 1205 quarti,
786 1136 879 1187 Sec.
921 1133 1050 1186 Pro-

145 1222 265 1275 inde
281 1223 399 1275 cum
416 1241 548 1276 areae
564 1224 785 1294 aequales
809 1224 854 1276 Β
867 1223 915 1275 Α
934 1219 1046 1293 Kq,

146 1313 258 1382 qK
295 1313 421 1376 Lr,
460 1332 486 1364 r
525 1300 886 1376 LMs,'sM
925 1311 1046 1374 Nt,

145 1403 239 1454 διο.
278 1403 379 1454 sint
414 1402 605 1454 viribus
637 1401 901 1473 gravitatis
927 1419 1048 1453 ana-

142 1488 296 1561 logae,
324 1501 474 1543 erunt
498 1509 632 1543 areae
660 1490 707 1542 B
727 1491 762 1541 k
787 1509 840 1560 q,
866 1509 898 1559 q
914 1491 983 1542 kl
1002 1510 1044 1554 r,

141 1596 170 1629 r
192 1577 212 1630 l
235 1596 288 1629 m
313 1598 353 1642 s,
382 1598 405 1630 s
429 1598 482 1629 m
505 1597 541 1630 n
566 1588 603 1641 t,
643 1580 736 1631 διο.
767 1579 1062 1631 resistentiis
1088 1581 1142 1636 in
1170 1581 1351 1633 mediis
1380 1582 1701 1652 singulorum
1729 1593 2037 1650 temporum,
2068 1582 2169 1632 hoc
2195 1590 2272 1632 est

143 1669 258 1734 (per
282 1666 611 1736 hypothesin)
658 1666 1026 1730 velocitatibUS,
1069 1678 1222 1738 atque
1265 1670 1325 1737 (⁰)
1364 1669 1482 1720 ideo
1519 1669 1788 1738 descriptis
1816 1669 1990 1737 spatiis
2016 1668 2269 1738 analogae.

144 1755 423 1807 Sumantur
447 1755 781 1825 analogarum
806 1773 1037 1818 summae,
1077 1766 1129 1808 et
1152 1767 1304 1808 erunt
1328 1774 1461 1808 areae
1490 1757 1536 1809 B
1561 1758 1597 1808 k
1622 1776 1670 1827 q,
1703 1757 1748 1810 Β
1773 1757 1791 1809 l
1818 1776 1860 1819 r,
1892 1757 1938 1807 Β
1965 1775 2017 1806 m
2044 1775 2082 1817 S,
2118 1756 2163 1806 Β
2180 1773 2213 1804 n
2231 1763 2269 1816 t,

141 1844 233 1895 διο.
274 1843 450 1912 spatiis
475 1844 594 1895 tetis
631 1842 899 1913 descriptis
937 1844 1196 1916 analogae3
1237 1864 1441 1898 necnon
1484 1865 1618 1898 areae
1664 1848 1713 1898 A
1742 1847 1787 1898 B
1815 1865 1849 1915 q
1878 1846 1946 1909 K,
1995 1847 2044 1896 A
2075 1846 2119 1896 Β
2149 1862 2174 1893 r
2202 1844 2266 1905 L,

142 1931 194 1982 A
224 1930 270 1982 Β
287 1950 309 1982 s
329 1930 409 1993 M,
439 1931 489 1982 A
518 1931 564 1982 B
589 1941 611 1982 t
637 1931 706 1994 N,
727 1932 821 1984 &a
849 1933 1182 2001 temporibus.
1260 1934 1464 2002 Corpus
1489 1935 1646 2005 igitur
1670 1935 1802 1985 inter
1829 1931 2266 1993 descendendum,

140 2030 370 2091 tempore
410 2021 590 2092 quovis
639 2021 687 2074 A
715 2021 762 2074 B
786 2040 814 2073 r
840 2023 905 2085 L,
951 2023 1193 2076 describit
1218 2024 1440 2093 spatium
1482 2025 1527 2077 Β
1554 2025 1572 2076 l
1598 2043 1640 2088 r,
1669 2033 1720 2077 et
1763 2034 1997 2093 tempore
2041 2023 2090 2074 L
2115 2041 2141 2072 r
2166 2031 2186 2072 t
2215 2021 2269 2072 N

1383 1470 1479 1512 Aa
1504 1470 1558 1512 K
1576 1466 1794 1514 LXMN

140 2217 181 2255 B
196 2216 220 2254 lc
237 2230 260 2266 q
286 2222 332 2254 ut
357 2217 403 2253 K
412 2230 435 2266 q
451 2217 501 2253 ad
517 2214 544 2267 ἦ·
560 2217 584 2253 lc
607 2230 631 2266 q
654 2227 721 2254 seu
747 2223 792 2255 ut
820 2216 857 2253 A
878 2219 910 2256 C
933 2218 982 2253 ad
1007 2214 1034 2266 ὲ
1053 2216 1093 2253 Α
1120 2218 1171 2254 K.
1226 2221 1374 2265 partem
1393 2229 1412 2254 z
1427 2229 1453 2266 y
1471 2228 1585 2264 supra
1607 2216 1641 2254 Β
1661 2216 1718 2260 H,
1739 2215 1805 2253 sed
1824 2228 1870 2253 ex
1891 2213 2026 2252 natura
2044 2212 2265 2264 hyperbolae

143 2266 304 2306 Etenim
321 2280 389 2316 per
405 2281 451 2305 ea
471 2268 674 2305 Lemmata
683 2269 752 2306 has
770 2280 875 2306 areas
887 2280 957 2317 pro
970 2267 1173 2305 rectilineis

138 2320 240 2358 sumi
256 2333 368 2369 posse
381 2328 539 2365 constat,
560 2321 728 2370 erigatur
742 2321 783 2359 in
796 2320 925 2359 medio
938 2320 1055 2369 partis
1077 2322 1114 2358 A
1131 2321 1173 2358 K

138 2385 231 2423 perp
283 2372 460 2411 dicularis
478 2387 501 2411 a
518 2385 540 2411 c
555 2372 606 2411 ad
623 2374 871 2424 hyperbolam
897 2386 1028 2423 usque,
1057 2373 1171 2410 facile

138 2433 269 2464 consta
295 2425 325 2464 it
341 2439 387 2463 ex
406 2426 604 2463 elementis
620 2426 833 2475 trapezium
857 2426 896 2464 A
919 2427 954 2464 B
973 2439 997 2476 q
1019 2425 1061 2464 K
1089 2426 1172 2464 fore

138 2478 188 2517 ad
205 2478 439 2527 triangulum
470 2479 505 2517 B
524 2479 551 2515 k
568 2491 595 2529 q
619 2486 666 2517 ut
690 2486 771 2517 tota
788 2492 832 2517 ea
850 2478 1172 2528 perpendicularis

138 2543 163 2569 a
180 2543 202 2569 c
232 2533 319 2583 (pro
347 2531 424 2581 qua
452 2531 493 2569 K
512 2544 537 2581 q
564 2531 665 2569 sumi
692 2532 848 2581 poterit)
882 2531 930 2569 ad
957 2531 1170 2580 portionem

140 2584 223 2636 ejus
239 2586 266 2622 b
283 2597 305 2622 c
327 2583 429 2622 intra
458 2584 699 2635 triangulum
728 2586 1053 2634 comprehensam,
1081 2597 1171 2634 quae

138 2636 210 2674 erit
242 2639 306 2689 (ex
321 2635 452 2676 const.
484 2644 523 2675 et
550 2637 604 2675 23.
624 2637 687 2676 eti.
708 2637 860 2686 Elem.)
879 2653 937 2673 =
956 2637 985 2688 -ξ
1004 2637 1031 2674 k
1049 2650 1086 2687 q,
1114 2644 1171 2675 est

137 2688 228 2727 vero
244 2701 291 2727 ex
310 2698 447 2728 natura
464 2689 681 2739 hyperbolae
706 2703 753 2733 ea
767 2689 1090 2740 perpendicularis
1108 2703 1132 2727 a
1148 2702 1169 2727 c

137 2741 436 2788 adAB,utA
461 2742 751 2782 CadCasive
781 2743 818 2781 A
842 2742 1048 2793 c—{A
1072 2742 1171 2780 Ket

138 2794 355 2842 dividendo,
386 2801 444 2833 est
470 2808 516 2833 ea
542 2794 866 2845 perpendicularis
895 2809 919 2833 a
931 2808 953 2833 c
970 2795 1020 2833 ad
1037 2808 1060 2832 a
1077 2808 1099 2832 c
1116 2817 1170 2826 —

55 2861 62 2868 ·
137 2849 204 2885 ab
230 2847 307 2885 sive
333 2850 398 2886 bc
423 2861 511 2898 quae
537 2856 593 2886 est
620 2847 1167 2900 {kqutACadAc—

141 2900 335 2953 Ac-fl-ff}
354 2903 390 2939 A
409 2900 631 2952 ΚείνεξΑ
651 2901 716 2947 Κ;
748 2901 856 2952 Ergo
873 2914 959 2938 area
982 2901 1166 2951 ABqK

137 2952 408 2992 estadaream
437 2953 619 3003 quut
642 2955 677 2991 A
700 2953 848 3005 Cadg,
869 2956 905 2991 A
930 2953 984 3000 K,
1018 2953 1096 2991 sive
1122 2961 1167 2993 ut

136 3006 405 3056 rectangulum
435 3006 474 3043 A
497 3007 532 3044 B
556 3006 588 3045 C
618 3006 662 3044 H
692 3006 742 3045 ad
767 3014 858 3045 rect.
887 3006 916 3058 ἦ
944 3003 983 3044 Α
1006 3007 1041 3044 Β
1060 3006 1088 3043 k
1109 3006 1163 3052 K,

136 3069 206 3095 seu
222 3065 267 3097 ut
284 3060 337 3098 vis
350 3061 543 3108 gravitatis
560 3071 676 3109 quam
694 3059 850 3108 exponit
867 3066 1033 3110 rectang.
1060 3060 1098 3096 A
1121 3059 1166 3096 H

136 3109 186 3147 ad
202 3113 449 3150 resistentiam
465 3114 507 3150 in
522 3114 641 3150 medio
659 3114 829 3162 temen's
843 3114 961 3163 primi
971 3124 1086 3161 quam
1101 3124 1166 3150 ex-

133 3162 246 3210 ponit
262 3171 430 3214 rectang.
457 3165 493 3201 A
513 3164 553 3210 k,
582 3163 671 3202 cum
699 3165 804 3203 enim
821 3165 871 3203 sit
900 3167 937 3202 A
961 3164 1002 3202 K
1030 3171 1075 3202 ut
1102 3176 1166 3201 ie-

137 3214 273 3253 locitas
290 3223 370 3254 toto
388 3216 512 3265 primo
529 3225 700 3265 tempore
717 3217 912 3267 aequisita,
933 3217 1004 3255 erit
1020 3216 1048 3267 ᾗ
1070 3217 1108 3254 A
1123 3217 1164 3255 K

134 3273 180 3304 ut
205 3268 381 3306 velocitas
406 3270 447 3305 in
465 3269 593 3306 medio
619 3271 800 3318 temporis
826 3270 939 3318 primi
957 3269 1162 3321 acquisita3

134 3319 356 3358 resistentiae
367 3328 496 3358 autem
508 3328 599 3359 sunt
611 3322 872 3361 velocitatibus
886 3323 1071 3373 analogae.

188 3372 245 3422 (¹¹)
275 3375 331 3411 Et
348 3375 456 3412 simili
472 3382 690 3423 argumento
701 3389 810 3414 areoe.
871 3375 1042 3424 Sumptis
1060 3375 1164 3421 enim

133 3423 215 3461 istis
232 3425 328 3462 areis
345 3438 413 3474 pro
427 3426 599 3473 trapeziis
615 3427 839 3466 rectilineis:
871 3427 1063 3466 ducantur
1075 3440 1162 3475 per-

132 3476 395 3524 pendiculares
414 3491 437 3515 x
450 3491 469 3515 z
483 3491 507 3527 y
524 3478 565 3514 in
584 3479 711 3517 medio
729 3480 894 3529 partium
918 3482 956 3517 A
974 3480 1028 3525 K,
1054 3480 1094 3519 K
1110 3481 1158 3527 L,

134 3528 171 3565 L
193 3530 251 3574 M,
275 3531 321 3568 Μ
344 3531 385 3568 N
417 3530 466 3567 ad
493 3531 737 3580 hyperbolam
765 3545 899 3582 usque,
919 3540 958 3570 et
979 3535 1043 3584 (ex
1067 3533 1160 3570 Ele-

131 3582 288 3631 mentis)
320 3582 431 3621 facile
458 3584 644 3622 constabit
673 3584 778 3634 quod
796 3598 883 3622 area
907 3592 988 3623 tota
1018 3585 1162 3636 singuli

129 3635 283 3683 trapezii
316 3637 368 3686 (v.
391 3649 449 3686 gr.
470 3649 489 3672 r
510 3636 544 3673 L
568 3637 615 3673 M
634 3636 669 3683 s)
698 3645 754 3675 est
780 3638 830 3675 ad
856 3639 938 3688 ejus
957 3651 1055 3675 areae
1072 3650 1161 3686 por-

129 3686 274 3724 tionem
300 3698 415 3737 supra
445 3689 479 3726 Β
504 3689 546 3726 H
567 3689 728 3737 positam
748 3692 905 3739 (nempe
922 3703 942 3727 r
959 3690 974 3727 l
992 3703 1032 3727 m
1049 3690 1085 3740 s)
1117 3698 1161 3729 ut

129 3736 230 3777 linea
247 3746 327 3778 tota
344 3753 370 3778 x
388 3754 412 3790 y
431 3754 500 3791 per
515 3741 689 3780 medium
706 3742 859 3792 trapezii
877 3742 994 3782 ducta
1010 3742 1060 3782 ad
1077 3744 1160 3795 ejus

186 3804 280 3846 Vox..
304 3807 366 3847 ΙΙ.

1227 2276 1283 2306 est
1308 2281 1354 2306 ea
1382 2269 1707 2317 perpendicularis
1734 2280 1758 2305 x
1777 2281 1803 2317 y
1822 2268 1871 2305 ad
1895 2269 1930 2305 A
1955 2269 1990 2305 B
2018 2267 2097 2304 sive
2116 2280 2139 2303 x
2159 2280 2192 2311 z,
2220 2275 2266 2304 ut

1231 2322 1268 2359 A
1292 2321 1325 2359 C
1357 2321 1407 2359 ad
1435 2321 1638 2359 abscissam
1674 2322 1706 2360 C
1726 2333 1749 2357 x
1782 2321 1840 2358 illi
1871 2319 2177 2369 perpendiculari
2205 2331 2264 2356 re-

1223 2373 1475 2422 spondentem
1505 2377 1611 2424 (quae
1630 2382 1686 2412 est
1703 2374 1735 2412 C
1758 2374 1793 2411 L
1812 2395 1864 2404 —
1883 2373 1912 2424 ἦ·
1935 2374 1970 2410 L
1993 2374 2036 2410 M
2063 2400 2073 2417 ,
2108 2380 2147 2409 et
2167 2372 2263 2409 divi-

1223 2426 1364 2473 dendo,
1384 2435 1442 2464 est
1459 2440 1505 2464 ea
1522 2426 1846 2476 perpendicularis
1860 2439 1882 2463 x
1903 2439 1928 2475 y
1946 2425 1995 2462 ad
2013 2439 2033 2461 e
2051 2438 2096 2461 us
2114 2433 2262 2472 partem

1223 2492 1243 2515 z
1262 2493 1286 2528 y
1305 2492 1421 2529 supra
1442 2480 1478 2517 Β
1501 2480 1559 2526 Η,
1590 2489 1634 2517 ut
1657 2481 1692 2516 A
1717 2480 1748 2518 C
1768 2480 1819 2516 ad
1840 2481 1875 2516 A
1898 2491 1921 2514 x
1948 2478 2164 2526 portionem
2193 2479 2260 2514 ab·

1223 2532 1347 2569 scissae
1365 2534 1463 2570 inter
1485 2534 1521 2569 A
1542 2541 1580 2570 et
1598 2544 1683 2570 eam
1701 2531 2053 2580 perpendicularem
2083 2531 2173 2572 (hoc
2191 2537 2260 2571 est.

1222 2584 1263 2621 in
1296 2586 1473 2634 exemplo
1508 2592 1718 2633 assumpto,
1740 2588 1786 2619 ut
1807 2581 1843 2617 A
1862 2580 1894 2618 C
1914 2579 1964 2617 ad
1985 2581 2023 2617 A
2042 2578 2078 2615 L
2094 2578 2147 2630 -ι-
2164 2578 2190 2631 ᾗ
2206 2585 2249 2627 χ

1224 2637 1261 2674 L
1284 2638 1364 2686 Μ).
1425 2638 1535 2687 Ergo
1553 2650 1640 2675 area
1657 2644 1738 2675 tota
1755 2637 1899 2687 singuli
1918 2639 2071 2683 trapezii
2097 2633 2152 2671 ad
2175 2648 2260 2684 ejus

1222 2703 1320 2727 areae
1333 2691 1549 2738 portionem
1567 2702 1682 2738 supra
1703 2691 1739 2727 B
1757 2689 1814 2735 H,
1837 2696 1880 2726 ut
1900 2690 1938 2725 A
1959 2689 1990 2726 C
2010 2688 2058 2725 ad
2081 2688 2118 2724 A
2133 2700 2154 2723 x
2171 2700 2258 2734 por-

1221 2744 1365 2781 tionem
1384 2744 1556 2780 abscissae
1573 2743 1673 2780 inter
1690 2743 1728 2780 A
1748 2749 1786 2779 et
1802 2741 1976 2779 medinm
1995 2740 2111 2788 partis
2128 2740 2255 2789 cujus·

1220 2796 1277 2832 vis
1304 2802 1520 2845 assumptas,
1554 2796 1632 2833 sive
1664 2797 1876 2847 (assumpta
1902 2793 2100 2830 communi
2126 2792 2256 2829 altitu-

1220 2848 1311 2885 dine
1331 2849 1369 2885 A
1393 2849 1448 2896 Β)
1468 2858 1513 2885 ut
1530 2847 1799 2898 rectangulum
1830 2848 1868 2884 A
1898 2847 1954 2890 H,
1983 2846 2032 2883 ad
2050 2853 2254 2894 rectangu-

1219 2900 1303 2939 lum
1322 2902 1392 2939 sub
1414 2903 1451 2943 A
1476 2902 1511 2939 Β
1531 2909 1569 2938 et
1586 2900 1687 2938 linea
1705 2901 1804 2938 inter
1825 2900 1863 2936 A
1883 2906 1921 2937 et
1938 2898 2110 2936 medium
2138 2897 2255 2945 partis

1218 2961 1423 3003 assumptae
1441 2954 1713 3002 comprehensa
1724 2967 1736 2999 ;
1756 2952 1823 2990 sed
1841 2952 1939 2989 illud
1958 2959 2014 2989 est
2032 2958 2076 2987 ut
2095 2950 2149 2987 vis
2166 2962 2254 2999 gra-

1217 3006 1353 3051 vitatis,
1383 3007 1455 3044 hoc
1482 3014 1526 3044 ut
1555 3006 1728 3044 velocitas
1745 3018 1790 3043 ac
1807 3003 1965 3054 proinde
1983 3011 2027 3041 ut
2045 3001 2254 3040 resistentia

1217 3058 1258 3096 in
1278 3058 1405 3096 medio
1424 3059 1606 3107 temporis
1623 3059 1687 3096 cui
1704 3057 1908 3107 respondet
1933 3069 2020 3105 pars
2045 3062 2251 3103 assumpta,

1219 3124 1310 3161 ergo
1328 3111 1563 3154 alternandO,
1592 3124 1680 3149 area
1696 3110 1841 3161 singuli
1859 3109 2012 3158 trapezii
2032 3116 2088 3146 est
2105 3107 2155 3145 ad
2172 3108 2252 3144 vim

1218 3164 1412 3214 gravitatis
1431 3172 1475 3202 ut
1493 3164 1615 3213 portio
1633 3163 1788 3212 trapezii
1808 3175 1921 3210 supra
1943 3163 1978 3200 B
2002 3162 2046 3199 H
2074 3160 2124 3198 ad
2141 3160 2251 3197 resis-

1217 3217 1378 3255 tentiam
1413 3217 1490 3254 2ive
1517 3217 1566 3254 ad
1592 3216 1829 3254 velocitatem
1856 3215 1898 3251 in
1924 3214 2053 3252 medio
2070 3212 2251 3261 temporis

1217 3269 1280 3307 cui
1299 3269 1502 3318 respondet
1518 3269 1739 3317 trapezium,
1762 3268 1830 3306 sed
1846 3280 1945 3305 areae
1963 3275 2053 3305 totae
2063 3266 2248 3314 trapezio-

1214 3333 1302 3359 rum
1321 3329 1411 3359 sunt
1429 3322 1571 3371 ubique
1590 3321 1766 3371 aequaleS,
1800 3329 1838 3358 et
1856 3321 1911 3357 vis
1928 3320 2123 3370 gravitatis
2149 3330 2248 3355 sern-

1214 3386 1283 3423 per
1300 3375 1445 3419 eadem,
1465 3381 1643 3412 constans
1660 3386 1752 3424 ergo
1769 3380 1825 3411 est
1842 3385 1976 3410 eorum
1993 3372 2113 3418 ratio;
2143 3383 2246 3420 ergo,

1213 3427 1406 3476 portiones
1444 3427 1698 3476 trapeziorum
1730 3438 1844 3474 super
1875 3425 1911 3463 Β
1943 3425 2001 3471 Η,
2039 3433 2084 3462 ut
2101 3436 2121 3460 r
2137 3423 2153 3460 l
2171 3435 2210 3459 m
2229 3436 2248 3460 s

1213 3486 1305 3518 sunt
1322 3480 1420 3518 sicut
1433 3478 1652 3519 resistentiae
1670 3478 1748 3516 sive
1765 3486 1810 3516 ut
1830 3477 2053 3521 velocitates,
2075 3476 2246 3524 adeoque

1212 3539 1258 3570 ut
1276 3532 1395 3581 spatia
1412 3531 1574 3583 singulis
1592 3530 1841 3580 tempusculis
1859 3531 1999 3582 quibus
2015 3527 2247 3577 respondent

1214 3585 1411 3634 descripta.

1268 3637 1325 3689 (⁰)
1361 3640 1382 3662 '¹'
1417 3635 1543 3686 Atque
1572 3636 1650 3675 ideo
1681 3637 1871 3686 descriptis
1906 3636 2030 3685 spatiis
2060 3635 2240 3681 analogae.

1216 3690 1345 3741 Spatia
1362 3689 1467 3727 enim
1494 3688 1656 3738 singulis
1682 3689 1917 3736 temporibus
1943 3686 2128 3733 descripta
2155 3691 2246 3722 sunt

1212 3751 1259 3782 ut
1275 3741 1495 3782 velocitates·
1509 3753 1577 3784 ner
1596 3741 1713 3791 Prop.
1738 3741 1800 3779 11.
1825 3741 1982 3791 hujusce
2000 3737 2098 3776 libri.

1186 3811 1218 3849 Β
