2502 4192
243 283 346 327 248
788 273 1357 327 PHILOSOPHIAE
1396 271 1848 328 NATURALIS
1925 276 2107 339 [Mor.
2138 276 2390 333 Commu.

243 422 307 471 17
357 426 410 468 et
467 425 550 480 18,
613 415 960 467 describentes
1021 414 1347 466 altitudinem
1407 414 1602 483 pedum
1663 415 1958 484 quindecim
2008 427 2060 469 et
2108 417 2391 488 digitorum

241 504 482 556 duorum.

312 595 415 647 Per
468 593 722 645 theoriam
778 593 962 645 cadere
1017 592 1310 646 debuerunt
1360 603 1595 663 tempore
1651 594 2031 648 osciHationum
2088 604 2152 649 15
2206 615 2388 667 quam-

236 705 492 754 proxime.

307 778 498 842 Exper.
528 779 576 828 7.
655 772 816 825 Globi
856 782 1077 842 quatuor
1113 773 1348 843 pondere
1378 777 1517 840 293}
1543 793 1689 845 gran.
1716 775 1772 825 in
1797 776 1916 827 ae're
1942 784 1995 827 et
2023 780 2120 843 35}
2146 795 2294 848 gran.
2332 777 2389 829 in

238 863 368 933 aqua
396 881 535 930 saepe
561 861 787 923 demissi,
830 862 1085 914 cadebant
1119 873 1353 931 tempore
1380 863 1759 916 oscillationum
1786 867 1907 930 295,
1939 871 2023 927 30,
2053 869 2173 931 3Οὲ,
2203 873 2288 930 31,
2318 873 2387 919 32

245 965 295 1005 et
334 961 418 1016 33,
461 952 811 1004 describentes
856 952 1179 1005 altitudinem
1223 954 1419 1022 pedum
1459 955 1755 1025 quindecim
1797 965 1851 1007 et
1888 954 2037 1027 digiti
2080 956 2231 1008 unius
2269 976 2391 1010 cum

239 1061 466 1096 semisse.

312 1137 414 1189 Per
466 1133 719 1186 theoriam
777 1132 962 1184 cadere
1014 1132 1307 1184 debuerunt
1362 1142 1597 1201 tempore
1651 1133 2031 1186 oscillationum
2083 1141 2150 1187 28
2210 1154 2388 1206 quam-

238 1224 494 1297 proxime.

314 1316 539 1367 Causam
564 1312 922 1383 investigando
947 1329 1040 1364 cur
1063 1301 1358 1382 globorunf,
1385 1313 1615 1382 ejusdem
1641 1314 1888 1382 ponderis
1921 1325 1975 1368 et
1998 1316 2390 1388 magnitudinis,

239 1407 399 1477 aliqui
426 1407 574 1457 citius
602 1405 688 1456 alii
715 1404 910 1456 tardius
949 1404 1209 1467 caderent,
1249 1404 1305 1455 in
1328 1404 1466 1455 hanc
1491 1404 1649 1456 incidi
1664 1424 1678 1466 3
1719 1406 1859 1475 quod
1884 1406 2028 1478 globi
2054 1407 2143 1459 ubi
2167 1407 2395 1476 primum

239 1499 645 1550 demittebantur
670 1506 722 1548 et
747 1496 932 1548 cadere
957 1496 1289 1565 incipiebant,
1332 1496 1628 1548 oscillarent
1653 1496 1849 1548 circum
1887 1507 2081 1560 centra,
2121 1497 2281 1551 latere
2305 1499 2395 1549 illo

239 1587 379 1656 quod
404 1586 536 1638 forte
561 1585 768 1657 gravius
795 1595 929 1637 esset
953 1585 1181 1653 primum
1207 1584 1570 1648 descendente,
1610 1595 1661 1637 et
1685 1597 1885 1637 motum
1912 1586 2281 1639 oscillatorium
2304 1607 2396 1659 ge-

241 1687 471 1728 nerante.
549 1675 690 1727 Nam
714 1693 809 1743 per
834 1674 1178 1725 oscillationes
1219 1692 1337 1725 suas
1363 1674 1548 1744 globus
1586 1676 1835 1744 majorem
1871 1687 2071 1728 motum
2109 1679 2396 1729 communi-

241 1777 324 1819 cat
361 1786 525 1837 aquae,
574 1785 729 1837 quam
769 1765 811 1817 si
850 1765 960 1817 sine
997 1763 1408 1816 oscillationibus
1446 1764 1785 1816 descenderet
1802 1785 1816 1827 3
1861 1776 1914 1818 et
1945 1768 2394 1833 communicandO,

243 1856 429 1908 amittit
464 1865 665 1924 partem
703 1852 873 1906 motfis
908 1853 1109 1922 proprii
1135 1871 1238 1922 quo
1275 1853 1591 1905 descendere
1616 1853 1856 1906 deberet:
1894 1865 1946 1908 et
1968 1874 2067 1924 pro
2093 1859 2288 1926 majore
2313 1858 2397 1910 vel

244 1944 444 1995 minore
461 1942 798 2005 oscillatione,
827 1941 992 2012 magis
1018 1940 1100 1992 vel
1119 1940 1291 1991 minus
1315 1940 1624 1992 retardatur.
1684 1941 1981 2003 Quinetiam
2003 1943 2190 2014 globus
2216 1945 2398 1998 recidit

244 2051 446 2102 semper
462 2051 493 2084 a
511 2032 670 2084 latere
697 2050 790 2083 suo
816 2030 957 2099 quod
982 2048 1078 2099 per
1102 2029 1474 2082 oscillationem
1500 2030 1783 2093 descendit,
1813 2042 1864 2083 et
1889 2033 2183 2085 recedendo
2207 2053 2399 2105 appro-

241 2127 461 2196 pinquat
484 2126 729 2177 lateribus
747 2124 879 2176 vasis
897 2133 948 2175 et
972 2123 1027 2174 in
1050 2123 1214 2189 latera
1237 2140 1611 2193 nonnunquam
1635 2122 1954 2194 impingitur.
2013 2124 2083 2176 Et
2107 2125 2221 2177 haec
2246 2127 2397 2179 oscil-

243 2215 367 2266 latio
392 2216 446 2266 in
472 2215 640 2286 globis
677 2213 1001 2285 gravioribus
1037 2211 1219 2263 fortior
1256 2222 1348 2275 est,
1387 2212 1442 2263 in
1478 2212 1759 2282 majoribus
1794 2232 1982 2284 aquam
2018 2217 2182 2287 magis
2220 2218 2395 2289 agitat.

247 2306 598 2376 Quapropter,
649 2315 703 2356 ut
739 2304 991 2356 oscillatio
1032 2303 1311 2375 globorum
1340 2303 1511 2354 minor
1545 2302 1866 2367 redderetur,
1913 2305 2099 2375 globos
2132 2324 2293 2358 novos
2331 2326 2399 2359 ex

245 2397 362 2450 cera
407 2408 458 2449 et
496 2396 712 2465 plumbo
753 2393 1036 2456 construxi,
1089 2393 1356 2464 infigendo
1399 2393 1675 2461 plumbum
1718 2393 1773 2444 in
1815 2393 1949 2445 latus
1994 2393 2205 2463 aliquod
2253 2395 2398 2466 globi

244 2504 409 2556 prope
435 2484 762 2553 superficiem
790 2485 899 2552 ejus
914 2502 928 2545 3
954 2493 1004 2534 et
1029 2481 1244 2553 globum
1269 2482 1340 2533 ita
1365 2481 1567 2545 demisi,
1596 2492 1654 2533 ut
1677 2480 1812 2533 latus
1837 2482 2066 2552 graviuS,
2092 2485 2263 2552 quoaal
2286 2486 2398 2536 fieri

247 2576 431 2646 potuit,
478 2584 612 2626 esset
653 2573 889 2625 infimum
929 2572 995 2624 ab
1029 2571 1177 2623 initio
1214 2570 1509 2622 descensus.
1590 2569 1676 2622 Sic
1716 2570 2060 2640 oscillationes
2093 2570 2242 2623 factae
2280 2585 2399 2624 sunt

249 2667 412 2719 multo
438 2667 663 2717 minores
691 2683 847 2735 quam
872 2664 1034 2733 prius,
1063 2672 1116 2714 et
1139 2662 1282 2734 globi
1307 2662 1627 2730 temporibus
1652 2662 1824 2714 minus
1843 2662 2183 2732 inaequalibus
2200 2664 2398 2716 cecide-

252 2769 387 2821 runt,
416 2768 475 2809 ut
499 2758 553 2808 in
579 2756 948 2825 experimentis
976 2754 1325 2824 sequentibus.

323 2854 515 2918 Exper.
545 2858 593 2902 8.
650 2847 812 2901 Globi
839 2857 1075 2917 quatuor,
1103 2845 1335 2914 pondere
1360 2862 1642 2916 granorum
1663 2851 1762 2898 139
1779 2844 1834 2896 in
1859 2846 1977 2897 a‘e're
2004 2855 2055 2897 et
2079 2848 2145 2913 δὲ
2174 2846 2228 2897 in
2247 2846 2397 2917 aqua,

254 2962 391 3013 saepe
416 2942 641 3006 demissi,
670 2940 966 2992 ceciderunt
991 2939 1312 3007 temporibus
1339 2937 1719 2989 oscillationum
1744 2955 1850 2989 non
1874 2937 2103 3006 plurium
2128 2956 2284 3008 quam
2311 2946 2397 3004 52,

255 3053 359 3085 non
383 3034 686 3103 pauciorum
724 3050 879 3102 quam
919 3038 1003 3093 50,
1047 3040 1099 3081 et
1134 3028 1360 3081 maxima
1387 3046 1453 3079 ex
1477 3037 1625 3096 parte
1649 3036 1884 3096 tempore
1917 3027 2293 3088 oscillationum
2331 3036 2393 3081 51

257 3126 471 3187 circiter,
500 3124 848 3175 describentes
876 3121 1200 3174 altitudinem
1225 3120 1510 3192 digitorum
1540 3127 1658 3173 182.

332 3214 435 3265 Per
459 3213 711 3264 theoriam
739 3211 923 3263 cadere
950 3210 1243 3262 debuerunt
1270 3220 1504 3277 tempore
1530 3207 1912 3260 oscillationum
1940 3214 2007 3261 52
2035 3207 2254 3260 circiter.

329 3305 519 3370 Eoeper.
546 3309 595 3355 9.
648 3300 810 3353 Globi
848 3308 1084 3370 quatuor,
1130 3297 1364 3366 pondere
1401 3313 1683 3367 granorum
1709 3295 1847 3359 273}
1873 3296 1926 3346 in
1951 3299 2069 3347 aere
2095 3308 2147 3348 et
2176 3295 2308 3358 140}
2347 3295 2401 3346 in

257 3389 406 3461 aqua,
450 3390 635 3457 saepius
670 3389 897 3452 demissi,
944 3387 1242 3440 ceciderunt
1279 3386 1598 3455 temporibus
1635 3386 2014 3438 oscillationum
2049 3404 2154 3437 non
2192 3385 2402 3455 paucio-

258 3498 376 3533 rum
403 3496 559 3549 quam
590 3484 673 3541 12,
700 3496 806 3529 non
832 3477 1061 3547 plurium
1088 3493 1242 3546 quam
1277 3482 1360 3537 13,
1389 3474 1736 3527 describentes
1763 3474 2086 3526 altitudinem
2123 3474 2403 3544 digitorum

265 3576 384 3623 182.

334 3658 436 3710 Per
473 3655 725 3709 theoriam
764 3655 888 3706 vero
922 3655 979 3706 hi
1015 3655 1159 3726 globi
1197 3655 1382 3709 cadere
1421 3653 1711 3707 debuerunt
1755 3662 1986 3722 tempore
2030 3652 2403 3705 oscillationum

267 3753 287 3797 1
303 3746 362 3809 152,
391 3742 800 3816 quamproxime.
1814 3754 1818 3759 ’

335 3836 524 3900 Exper.
561 3841 637 3885 10.
696 3831 871 3902 Globi-
892 3843 1127 3900 quatuor,
1167 3832 1398 3901 pondere
1436 3850 1717 3902 granorum
1746 3840 1846 3885 384
1875 3833 1928 3883 in
1954 3834 2070 3884 a'e’re
2097 3842 2146 3885 et
2175 3836 2308 3898 1192}—
2349 3832 2403 3882 in
