2502 4192
103 275 289 327 Lim-:R
319 274 595 334 Sneunn]
678 265 1083 322 PRINCIPIA
1135 265 1756 319 MATHEMATICA.
2158 276 2260 326 227

373 484 842 539 PROPOSITIO
883 482 1195 535 XXXVII.
1273 479 1724 533 THEOREMA
1764 479 1990 531 XXIX.

105 633 352 703 Cylindri,
383 632 471 698 qni
496 632 549 680 in
565 631 742 700 fluido
768 644 1036 694 compresso
1077 626 1276 691 infinito
1302 634 1349 675 et
1374 643 1473 675 non
1511 626 1713 688 elastieo
1745 627 2002 676 seeundum
2039 626 2258 692 longitn-

173 725 337 774 dinem
362 739 500 772 suam
520 720 837 788 uniformiter
845 718 1191 785 progreditur,
1218 718 1520 777 resistentia,
1551 733 1660 783 quce
1679 717 1842 767 oritur
1858 735 1889 765 a
1910 718 2257 785 magnitudine

170 810 400 863 sectionis
437 817 760 876 transversa,
787 813 858 856 est
881 806 952 855 ad
976 805 1071 855 vim
1102 802 1201 871 qud
1233 812 1362 855 totus
1393 803 1495 870 ejus
1528 813 1698 866 motus,
1755 807 1947 855 interea
1982 808 2093 856 dnm
2132 824 2256 874 qua-

169 899 401 965 druplum
428 896 758 963 longitudinis
783 911 884 944 sace
903 893 1149 953 describit,
1180 894 1256 943 vel
1273 892 1387 942 tolli
1400 893 1563 959 possit
1587 894 1663 943 vel
1670 895 1926 960 generari,
1955 903 2009 945 ut
2035 896 2257 946 densitas

171 991 323 1041 medii
349 990 420 1040 ad
443 988 734 1039 densitatem
759 985 979 1054 cylindri
1004 979 1389 1052 quamprooeime.

175 1134 313 1186 Nam
352 1134 395 1184 si
431 1152 519 1184 vas
559 1131 610 1183 A
640 1132 685 1183 B
714 1130 766 1182 D
798 1130 842 1182 C
880 1129 1043 1180 fundo
1082 1148 1176 1181 suo
1222 1128 1268 1181 C
1307 1129 1362 1180 D
1409 1128 1733 1196 superficiem
1778 1147 1928 1197 aquae
1968 1131 2253 1198 stagnantis

98 1232 292 1292 tangat,
334 1232 385 1272 et
410 1240 544 1290 aqua
569 1238 636 1271 ex
661 1220 761 1270 hoc
786 1238 905 1271 vase
930 1237 1025 1287 per
1052 1218 1283 1269 canalem
1310 1216 1652 1287 cylindricum
1694 1217 1739 1267 E
1771 1217 1813 1267 F
1842 1217 1893 1267 T
1924 1218 1960 1268 S
1996 1217 2255 1269 horizonti

95 1312 578 1383 perpendicularem
618 1311 673 1361 in
717 1329 903 1380 aquam
948 1319 1272 1380 stagnantem
1316 1307 1505 1369 effluat,
1558 1307 1757 1358 locetur
1797 1319 1970 1359 autem
2015 1308 2253 1360 circellus

99 1403 145 1454 P
173 1402 227 1464 Q
259 1400 517 1452 horizonti
550 1399 826 1468 parallelus
854 1399 1018 1450 ubivis
1044 1398 1097 1449 in
1123 1399 1297 1450 medio

97 1491 304 1554 canalis,
345 1500 396 1542 et
431 1489 750 1558 producatur
788 1489 833 1539 C
860 1489 906 1539 A
937 1488 1003 1539 ad
1030 1488 1098 1551 K,
1138 1500 1196 1540 ut
1233 1489 1298 1539 sit

97 1582 149 1633 A
178 1581 232 1632 K
257 1580 325 1631 ad
354 1580 400 1630 C
430 1578 482 1629 K
520 1578 574 1628 in
609 1577 868 1645 duplicata
904 1578 1103 1629 ratione
1142 1597 1298 1648 quam

92 1670 252 1721 habet
278 1687 519 1721 excessus
546 1668 731 1719 orificii
757 1666 947 1718 canalis
986 1667 1032 1719 E
1062 1668 1106 1719 F
1142 1687 1298 1736 supra

95 1759 364 1813 circellum
405 1758 450 1811 P
477 1760 531 1821 Q
557 1759 623 1810 ad
649 1758 913 1810 circellum
941 1760 992 1810 A
1020 1758 1094 1810 B:
1134 1759 1297 1809 mani-

92 1848 281 1902 festum
309 1859 390 1901 est
428 1852 544 1917 (per
573 1849 692 1900 Cas.
717 1855 766 1900 5.
797 1848 915 1899 Cas.
944 1856 992 1900 6.
1020 1858 1071 1900 et
1099 1848 1219 1899 Cor.
1254 1857 1298 1900 1.

97 1938 252 2006 Prop.
302 1937 604 2002 XXXVI.)
658 1936 800 2006 quod
851 1936 1096 1988 velocitas
1149 1957 1297 2007 aquae

94 2026 404 2080 transeuntis
443 2045 538 2095 per
589 2027 814 2095 spatium
866 2027 1118 2079 annulare
1166 2028 1302 2079 inter
1375 2034 1381 2059 ³

96 2117 362 2170 circellum
382 2126 432 2168 et
448 2117 611 2168 latera
629 2116 778 2179 vasis,
799 2135 858 2167 ea
878 2118 975 2168 erit
993 2135 1147 2186 quam
1167 2134 1300 2186 aqua

94 2206 328 2260 cadendo
354 2216 405 2258 et
429 2224 552 2257 casu
578 2224 673 2257 suo
699 2205 1044 2257 describendo
1074 2204 1299 2257 altitudi-

93 2316 216 2350 nem
245 2296 298 2349 K
328 2296 373 2349 C
399 2295 481 2347 vel
507 2295 534 2347 I
563 2296 618 2348 G
642 2296 909 2366 acquirere
935 2306 1123 2365 potest.
1370 2320 1375 2349 ε

171 2386 241 2440 Et
267 2390 382 2454 (per
411 2384 586 2437 Corol.
621 2393 702 2438 10.
735 2386 893 2455 Prop.
923 2385 1227 2450 XXXVI.)
1256 2386 1296 2435 si
1370 2431 1376 2468 2

95 2474 228 2526 vasis
272 2473 490 2526 latitudo
529 2474 595 2527 sit
636 2475 854 2539 infinita,
909 2477 971 2545 (²³)
1012 2486 1074 2528 ut
1108 2476 1298 2527 lineola
1371 2474 1376 2509 ³

5 2619 16 2641 >
99 2563 156 2614 H
187 2564 215 2616 1
253 2573 524 2616 evanescat
559 2575 611 2617 et
653 2564 946 2618 altitudines
984 2567 1012 2618 I
1040 2566 1110 2629 G,
1153 2566 1214 2618 H
1243 2565 1297 2618 G

97 2670 396 2729 aequentur:
441 2661 518 2712 vis
554 2679 702 2731 aquae
729 2662 1003 2714 defluentis
1029 2662 1084 2712 in
1110 2663 1373 2715 circellum
1401 2665 1497 2717 erit
1523 2664 1589 2715 ad
1613 2664 1819 2733 pondus
1855 2661 2076 2732 cylindri
2103 2662 2247 2730 cujus

95 2748 230 2800 basis
257 2760 333 2801 est
358 2750 592 2802 circellus
619 2751 705 2802 ille
732 2762 783 2803 et
808 2752 1026 2803 altitudo
1051 2760 1130 2803 est
1154 2756 1186 2818 ᾗ
1216 2753 1242 2804 Ι
1273 2753 1342 2815 G,
1370 2765 1429 2805 ut
1456 2754 1503 2806 E
1534 2754 1577 2805 F
1593 2773 1625 2823 q
1652 2753 1718 2804 ad
1747 2752 1794 2803 E
1818 2752 1861 2803 F
1879 2770 1912 2820 q
1929 2754 2047 2817 -ὲ-
2073 2750 2118 2802 Ρ
2140 2750 2194 2812 Q
2214 2768 2249 2819 q

98 2837 506 2906 quamproxime.
584 2839 723 2890 Nam
763 2841 835 2891 vis
875 2859 1038 2909 aquae,
1080 2841 1144 2908 (¹³)
1172 2842 1415 2893 uniformi
1453 2853 1598 2894 motu
1636 2841 1908 2893 defluentis
1946 2860 2041 2909 per
2078 2850 2246 2892 totum

99 2925 348 2988 canalem,
407 2926 588 2978 eadem
635 2927 732 2980 erit
779 2928 834 2979 in
884 2929 1145 2980 circellum
1199 2930 1244 2981 P
1285 2930 1339 2992 Q
1388 2932 1441 2982 in
1492 2930 1801 3001 quacunque
1858 2929 2049 2981 canalis
2098 2940 2246 2998 parte

97 3012 342 3065 locatum.
854 3085 856 3087 ι

176 3102 501 3156 Claudantur
518 3106 628 3175 jam
655 3107 845 3158 canalis
862 3107 1069 3160 ‘crificia
1097 3109 1144 3159 E
1164 3109 1222 3171 F,
1257 3110 1293 3162 S
1311 3110 1377 3172 T,
1407 3119 1457 3160 et
1481 3109 1727 3161 ascendat
1753 3108 1987 3160 circellus
2014 3109 2068 3159 in
2084 3108 2248 3160 fluido

0 3238 11 3273 Ξ
99 3192 328 3262 undique
365 3213 677 3264 compreSSO,
718 3208 771 3249 et
795 3216 1008 3250 ascensu
1046 3218 1140 3250 suo
1179 3212 1331 3271 cogat
1360 3219 1545 3270 aquam
1582 3200 1902 3269 superiorem
1936 3200 2249 3253 descendere

97 3297 192 3348 per
218 3282 440 3349 spatium
467 3284 715 3335 annulare
742 3285 877 3336 inter
902 3285 1167 3337 circellum
1193 3297 1243 3338 et
1266 3287 1427 3338 latera
1453 3288 1671 3339 canalis:
1713 3299 1764 3339 et
1790 3287 2032 3339 velocitas
2058 3288 2250 3340 circelli

99 3371 426 3422 ascendentis
453 3372 551 3424 erit
575 3373 641 3424 ad
666 3375 988 3428 velocitatem
1015 3396 1163 3447 aquae
1190 3378 1549 3432 descendentis
1590 3381 1648 3450 (⁰)
1676 3390 1734 3431 ut
1759 3380 2047 3432 differentia
2085 3381 2249 3433 circu-

97 3462 269 3515 lorum
297 3464 343 3515 E
374 3464 417 3517 F
442 3475 493 3516 et
521 3465 566 3517 P
594 3466 648 3528 Q
673 3467 739 3518 ad
765 3468 1015 3520 circulum
1056 3470 1101 3521 P
1128 3468 1199 3533 Q,
1246 3480 1297 3522 et
1333 3470 1575 3522 velocitas
1604 3471 1796 3524 circelli
1821 3472 2143 3525 ascendentis
2182 3470 2249 3522 ad

153 3623 212 3675 (²)
234 3627 256 3651 ⁹
286 3628 338 3665 Ut
355 3628 489 3667 lineola
512 3629 562 3666 H
576 3625 605 3666 I
617 3637 825 3668 evanescat.
888 3630 965 3668 Per
987 3631 1075 3669 Cor.
1103 3635 1136 3669 1.
1200 3632 1415 3671 uniformes
1433 3640 1524 3672 sunt
1543 3642 1587 3672 ut
1607 3635 1728 3685 spatia
1746 3637 1880 3675 eodem
1896 3644 2067 3685 tempore
2081 3633 2249 3683 descrip-

102 3676 217 3782 Prgg.
239 3678 488 3771 JOUKXVII:
512 3688 585 3772 autt
600 3683 686 3772 (pgr
703 3689 782 3720 not.
800 3683 927 3745 275.).
992 3736 1024 3775 C
1198 3694 1264 3732 ta;
1296 3686 1363 3723 sed
1391 3685 1632 3748 inter-eadum
1661 3689 1829 3727 circulus
1855 3691 1890 3727 P
1915 3690 1956 3733 Q
1972 3690 2137 3748 spatium
2159 3687 2250 3723 soli·

101 3782 220 3853 Prqp.
243 3734 569 3849 xxiifirri'im
588 3748 635 3850 ²⁴·
669 3737 846 3787 ff“⁶”“³
876 3736 962 3788 (μ’
1027 3749 1078 3774 ⁸⁵
1103 3742 1140 3776 δ’
1200 3739 1400 3843 ἓῆἶξίῗ
1409 3740 2250 3845 Jssissl‘iffiui'cQffnssodssffliissj3332&

153 3838 170 3889 (
193 3835 210 3886 )
231 3839 252 3862 ⁶
282 3840 334 3877 Ut
359 3840 573 3893 dfffferentuz
601 3842 845 3881 carentorum.
906 3841 1144 3882 velocitates
1198 3843 1304 3884 terea
1336 3845 1500 3885 altitudo
1527 3848 1714 3887 verticalis
1739 3860 1808 3898 per
1833 3860 1951 3899 quam
1969 3859 2069 3899 aqua
2093 3846 2250 3885 descen-

1129 3915 1211 3954 Ρ2
