2502 4192
246 271 352 317 200

781 261 1344 317 PHILOSOPHIAE
1384 260 1839 315 NATURALIS
1925 260 2103 325 [Mor.
2136 260 2387 313 cosmon.

247 405 485 459 nuandos
510 406 734 475 aptiores
761 417 895 457 sunt.
962 406 1039 459 Ut
1063 406 1105 457 si
1130 405 1252 457 base
1278 403 1515 462 circulari
1544 404 1588 455 C
1610 403 1656 455 E
1678 402 1725 456 B
1747 402 1825 465 H,
1858 421 1975 473 quae
2000 412 2178 455 centro
2206 402 2274 465 O,
2302 422 2384 454 ra-

248 497 336 549 dio
362 496 414 549 O
442 495 488 548 C
513 495 837 559 describitur,
882 504 933 547 et
957 495 1226 548 altitudine
1269 493 1320 546 O
1346 496 1419 558 D,
1463 492 1868 546 construendum
1906 493 1972 547 sit
2006 493 2226 546 frustum
2264 495 2382 547 coni

249 1614 294 1666 C
323 1615 370 1666 B
399 1614 452 1666 G
480 1613 538 1676 F,
569 1611 709 1682 quod
734 1611 964 1663 omnium
990 1610 1172 1662 eadem
1197 1609 1305 1660 basi
1331 1618 1382 1660 et
1407 1608 1674 1663 altitudine
1690 1621 2101 1665 constructorum
2127 1622 2177 1665 et
2197 1634 2378 1668 secun-

248 1704 374 1757 dum
420 1706 627 1776 plagam
682 1705 792 1756 axis
848 1704 927 1756 sui
978 1721 1153 1754 versus
1210 1702 1265 1753 D
1320 1701 1763 1771 progredientium
1823 1702 2106 1755 frustorum
2166 1706 2377 1759 minime

242 1861 300 1887 vae
320 1849 362 1887 K
385 1850 419 1887 B
445 1850 482 1887 A
502 1849 602 1887 circa
623 1849 655 1888 C
679 1849 717 1887 A
737 1848 859 1899 geniti
878 1847 950 1886 erit
967 1846 1016 1885 ad
1034 1844 1284 1884 resistentiam

243 1902 344 1940 basis
366 1903 497 1950 ipsius,
528 1915 595 1940 seu
615 1902 749 1940 circuli
776 1909 908 1939 centro
939 1901 971 1938 C
1000 1908 1038 1937 et
1057 1899 1164 1936 radio
1187 1900 1219 1937 C
1243 1898 1285 1936 K

242 1955 434 2003 descripti,
444 1963 488 1992 ut
500 1954 667 1992 solidum
680 1967 726 1992 ex
738 1955 928 1992 rotatione
938 1953 1074 2004 figurae
1085 1952 1125 1989 K
1141 1953 1181 1996 Q
1193 1952 1232 1988 H
1246 1951 1283 1989 E

244 2007 344 2045 circa
366 2009 397 2046 C
422 2009 442 2045 I
462 2009 651 2058 genitum,
682 2008 732 2046 ad
759 2007 976 2057 cylindrum
1001 2006 1187 2044 rotatione
1204 2017 1286 2042 rec-

241 2061 393 2112 tanguli
417 2062 448 2100 C
468 2061 509 2098 K
526 2062 563 2099 G
581 2062 597 2097 Ῐ
619 2061 717 2099 circa
733 2061 895 2098 eandem
916 2062 948 2098 C
966 2061 982 2097 Ι
999 2059 1099 2097 facta
1118 2058 1283 2106 descrIp-

242 2121 341 2151 tum.
404 2114 646 2152 Producatur
666 2114 770 2151 enim
792 2114 836 2151 H
860 2115 894 2150 B
914 2112 963 2151 ad
984 2113 1033 2158 L,
1059 2120 1104 2150 ut
1122 2111 1170 2149 sit
1191 2112 1226 2149 B
1249 2113 1285 2150 L

241 2182 299 2203 =
323 2168 355 2205 C
379 2167 425 2213 13
454 2180 500 2204 ex
520 2175 664 2215 puncto
686 2167 723 2204 L
742 2166 965 2206 demittatur
992 2165 1040 2203 ad
1073 2166 1107 2203 B
1132 2167 1172 2202 D
1200 2178 1285 2213 per-

243 2213 500 2268 pendicularis
517 2221 620 2267 LVD,
634 2227 731 2257 etex
747 2220 847 2257 Dad
865 2220 899 2257 B
914 2220 946 2257 L
962 2218 1286 2267 perpendicularis

246 2273 288 2310 D
312 2274 383 2319 M3
412 2280 451 2311 et
468 2272 605 2310 eodem
632 2272 749 2310 modo
780 2285 859 2323 quo
890 2272 1006 2320 supra
1033 2272 1154 2324 ,(190)
1184 2279 1287 2320 patet

244 2325 452 2363 efficaciam
468 2325 663 2373 particulae
676 2325 792 2365 medii
807 2324 857 2364 ad
868 2324 1103 2363 movendum
1117 2324 1285 2363 solidum

244 2385 370 2416 totum
393 2379 434 2416 K
457 2380 492 2416 B
513 2380 549 2415 A
570 2377 785 2416 secundum
804 2379 956 2429 plagam
976 2377 1194 2416 incidentiae
1206 2391 1286 2415 suae

247 2431 284 2469 L
309 2432 342 2469 B
363 2444 443 2468 esse
463 2431 511 2469 ad
530 2429 738 2470 efficaciam
756 2432 952 2480 particulae
967 2431 1137 2482 ejusdem
1150 2443 1286 2468 secun-

245 2483 340 2521 dum
366 2484 528 2527 eandem
556 2492 696 2521 rectam
717 2484 757 2521 in
776 2486 898 2522 basim
918 2484 1142 2521 circularem
1173 2482 1214 2522 K
1237 2486 1283 2531 C,

246 2537 610 2585 perpendiculariter
637 2537 677 2573 in
708 2537 743 2574 P
770 2537 818 2575 ad
846 2537 1063 2587 cylindrum
1091 2538 1157 2587 qui
1185 2547 1285 2575 rota-

247 2589 351 2628 tione
368 2589 581 2641 rectanguli
604 2591 636 2628 C
652 2590 694 2628 K
713 2590 751 2628 G
769 2591 790 2629 I
810 2588 1033 2630 describitur
1051 2591 1284 2630 movendum

254 3419 296 3458 in
316 3420 469 3472 plagam
490 3423 663 3471 eandem,
684 3434 728 3464 ut
746 3435 803 3466 est
823 3428 859 3466 L
881 3429 921 3466 D
942 3431 960 3453 2
979 3429 1028 3468 ad
1049 3431 1084 3468 L
1108 3431 1143 3469 B
1162 3433 1195 3477 ²,
1223 3444 1292 3471 seu

254 3474 371 3512 etiam
404 3483 449 3512 ut
480 3484 537 3513 est
570 3477 606 3514 L
627 3479 674 3516 M
702 3480 752 3518 ad
781 3482 816 3518 L
838 3483 899 3529 B;
927 3483 992 3521 scd
1027 3486 1110 3536 (per
1128 3485 1290 3534 constr.)

259 3527 541 3572 C1=LB‚
570 3532 882 3583 etobangulum
912 3536 981 3574 SI
1006 3537 1291 3576 C=DBL

255 3588 293 3618 et
312 3581 501 3630 angulum
525 3582 545 3619 Ι
569 3583 595 3619 S
619 3584 650 3621 C
663 3599 719 3620 =
738 3585 773 3622 B
797 3587 838 3624 D
852 3586 901 3632 L,
912 3597 968 3626 est
987 3590 1101 3626 etiam
1126 3591 1157 3628 C
1175 3591 1211 3629 T
1225 3604 1293 3629 seu

260 3634 294 3670 P
326 3634 368 3671 H
388 3650 445 3670 =
468 3634 503 3672 L
534 3635 607 3682 M;
645 3637 762 3686 quare
794 3640 959 3677 solidum
995 3643 1097 3692 quod
1131 3657 1154 3680 a
1184 3645 1296 3681 rectis

256 3686 437 3725 omuibus
459 3687 493 3725 P
515 3688 569 3731 H,
601 3698 821 3738 occupatur,
851 3693 921 3730 erit
940 3694 989 3731 ad
1007 3695 1174 3734 solidum
1192 3696 1294 3746 quod

255 3751 279 3775 a
308 3740 419 3776 rectis
449 3742 629 3780 omnibus
660 3744 695 3780 P
717 3744 751 3779 V
772 3760 829 3780 =
852 3745 884 3783 C
914 3746 948 3792 1,
978 3756 1198 3797 occupatur,
1227 3757 1296 3787 aut

255 3791 358 3839 quod
395 3792 497 3830 idem
535 3802 603 3841 est,
651 3795 818 3834 solidum
854 3810 901 3836 ex
936 3801 1124 3838 rotatione
1158 3801 1295 3852 figurae

258 3845 290 3880 C
312 3844 352 3881 K
372 3848 412 3892 Q
448 3847 487 3883 H
513 3847 549 3885 E
579 3847 679 3886 circa
710 3850 742 3888 C
765 3850 800 3896 1,
832 3850 902 3889 erit
928 3851 976 3889 ad
1006 3852 1221 3903 cylindrum
1247 3868 1293 3893 cx

1338 1842 1525 1881 rotatione
1552 1844 1764 1895 rectanguli
1797 1847 1829 1885 C
1853 1847 1894 1885 K
1917 1847 1956 1885 G
1977 1847 1999 1886 1
2027 1848 2215 1899 genitum,
2248 1856 2292 1888 ut
2317 1863 2378 1888 re-

1337 1897 1507 1934 sistentia
1524 1897 1636 1934 solidi
1654 1897 1758 1948 quod
1776 1899 1903 1949 figura
1925 1901 1957 1939 C
1979 1900 2021 1939 K
2043 1903 2076 1939 B
2100 1902 2137 1939 A
2157 1901 2256 1940 circa
2275 1904 2307 1941 C
2322 1904 2375 1949 A,

1338 1957 1461 1987 rotata
1480 1949 1668 1997 describit,
1697 1951 1746 1988 ad
1766 1953 2017 1992 resistentiam
2037 1957 2168 1992 baseos
2185 1954 2379 1994 circularis

1338 2015 1455 2052 quam
1487 2002 1664 2041 describit
1691 2013 1794 2043 recta
1825 2006 1856 2044 C
1880 2006 1921 2044 K
1948 2020 2034 2057 quae
2054 2007 2186 2045 eadem
2206 2017 2262 2046 est
2286 2022 2376 2047 cum

1338 2055 1550 2094 resistentia
1568 2057 1729 2106 cylindri
1748 2058 1953 2109 cujuslibet
1970 2060 2143 2110 ejusdem
2160 2062 2271 2108 basis,
2287 2063 2375 2112 quia

1339 2108 1558 2157 superficies
1590 2110 1751 2158 cylindri
1779 2124 1896 2162 quam
1925 2123 2027 2151 recta
2065 2113 2108 2151 K
2140 2114 2178 2151 G
2214 2116 2376 2153 rotando

1339 2161 1437 2200 circa
1460 2163 1497 2199 A
1523 2163 1540 2199 Ι
1562 2162 1751 2209 describit,
1783 2164 1929 2202 nullam
1950 2166 2198 2205 resistentiam
2218 2168 2374 2216 patitur,

1338 2214 1551 2253 secundum
1569 2216 1816 2255 directionem
1836 2217 1964 2257 motus
1980 2219 2053 2269 ipsi
2083 2220 2125 2258 K
2149 2221 2375 2270 G‚paralle-

1338 2266 1428 2305 lam.
1485 2269 1535 2314 Q.
1559 2282 1592 2307 ea
1611 2269 1649 2308 d.

1395 2325 1483 2361 193.
1545 2322 1608 2359 Ex
1640 2324 1923 2363 constructione
1949 2324 2080 2376 liquet,
2110 2326 2141 2363 si
2167 2333 2271 2365 recta
2288 2340 2376 2377 quae

1338 2386 1495 2413 curvam
1525 2374 1567 2412 K
1591 2376 1626 2413 B
1650 2376 1685 2413 A
1715 2378 1839 2426 tangit
1864 2379 1905 2415 in
1929 2380 1963 2415 A
1985 2379 2033 2416 sit
2058 2379 2108 2417 ad
2136 2392 2246 2417 axem
2281 2381 2313 2419 C
2336 2381 2375 2418 A

1338 2427 1532 2474 normalis,
1556 2436 1745 2477 punctum
1767 2430 1804 2467 E
1824 2430 2038 2470 coincidere
2056 2445 2146 2470 cum
2165 2441 2309 2481 puncto
2337 2434 2374 2480 1,

1338 2489 1376 2518 et
1394 2481 1424 2517 si
1445 2488 1545 2518 recta
1564 2490 1725 2532 tangens
1751 2495 1907 2521 curvam
1938 2484 1979 2522 K
2003 2485 2038 2522 B
2063 2486 2112 2530 A,
2147 2485 2188 2522 in
2220 2486 2261 2523 K
2289 2499 2375 2536 per-

1337 2533 1593 2581 pendicularis
1625 2538 1673 2573 sit
1701 2535 1751 2573 ad
1786 2536 1828 2574 K
1852 2537 1896 2581 C,
1930 2545 2120 2585 punctum
2156 2539 2197 2583 Q
2225 2540 2266 2576 in
2297 2552 2376 2590 quo

1338 2599 1453 2624 curva
1490 2587 1526 2630 E
1556 2588 1600 2625 H
1638 2598 1739 2626 secat
1766 2588 1867 2627 latus
1902 2590 1944 2628 K
1976 2590 2014 2629 G
2044 2591 2257 2630 coincidere
2283 2605 2374 2630 cum

1337 2647 1480 2687 puncto
1503 2640 1556 2677 Κ.

1392 2697 1481 2731 194.
1527 2693 1590 2730 Ex
1617 2701 1762 2743 puncto
1782 2695 1817 2733 B
1837 2695 2060 2735 demittatur
2088 2696 2136 2735 ad
2167 2698 2200 2736 C
2224 2699 2265 2736 A·
2288 2711 2374 2747 per-

1336 2745 1591 2794 pendicularis
1627 2749 1661 2785 B
1686 2748 1736 2793 R,
1769 2747 1992 2799 dicaturque
2025 2750 2058 2788 C
2089 2751 2109 2788 Ι
2129 2766 2186 2786 =
2205 2764 2239 2795 a,
2274 2753 2310 2789 A
2336 2753 2374 2790 R

1336 2798 2375 2853 =X‚BR=HT=CP=y,HP=CT

1336 2867 1393 2887 =
1412 2864 1441 2895 z,
1467 2853 1502 2890 B
1524 2854 1566 2894 N
1585 2868 1643 2889 =
1663 2853 1688 2891 d
1708 2866 1745 2900 x,
1769 2854 1809 2892 N
1829 2866 1855 2891 n
1873 2855 2198 2904 perpendicularis
2215 2858 2264 2896 ad
2287 2859 2322 2896 B
2337 2858 2374 2896 L

1336 2916 1540 2955 curvaeque
1576 2919 1779 2944 occurrens
1813 2906 1855 2944 in
1892 2921 1917 2945 n
1936 2924 1992 2945 =
2012 2908 2038 2946 d
2065 2923 2102 2959 y,
2141 2923 2184 2948 ac
2212 2909 2373 2959 proinde

1340 2958 1376 2995 B
1395 2970 1421 2994 n
1442 2960 1461 2981 2
1480 2975 1536 2994 =
1557 2958 1582 2996 d
1601 2972 1625 2996 x
1646 2961 1664 2982 2
1687 2960 1740 3013 -Ι-
1761 2959 1785 2998 d
1805 2974 1830 3009 y
1848 2963 1881 2999 2.
1929 2962 1984 3000 Et
2001 2963 2183 3012 quoniam
2202 2964 2373 3014 triangu-

1339 3010 1377 3047 la
1398 3011 1433 3048 B
1454 3023 1479 3047 n
1501 3012 1555 3057 N,
1579 3012 1599 3050 1
1623 3013 1654 3050 C
1678 3014 1715 3059 S,
1746 3013 1884 3052 similia
1910 3023 2001 3052 sunt
2020 3017 2106 3066 (per
2123 3017 2283 3065 constr.)
2304 3017 2376 3054 erit

1342 3064 1892 3106 Bn22Nn2=CI2:
1920 3069 2245 3109 CS²=C12
2274 3070 2375 3117 CT,

1338 3118 1411 3154 boc
1430 3117 1847 3170 estdx2÷dy22
1872 3120 2147 3170 dy²=a=z.
2193 3123 2377 3172 Etprop-

1339 3169 2377 3225 tereaady2=zdx2÷zdy2‚formu1aper

1340 3235 1455 3272 quam
1477 3235 1523 3260 ex
1539 3222 1629 3260 data
1647 3225 1859 3274 aequatione
1877 3225 1926 3263 ad
1944 3238 2098 3264 curvam
2121 3227 2163 3266 K
2186 3229 2221 3266 B
2245 3231 2295 3272 A,
2318 3229 2378 3265 in-

1344 3275 1463 3312 veniri
1482 3283 1604 3324 potest
1623 3278 1785 3327 aequatio
1804 3278 1852 3315 ad
1872 3291 2026 3316 curvam
2045 3280 2203 3318 alteram
2225 3282 2261 3318 E
2278 3282 2320 3318 H
2339 3282 2379 3326 Q

1347 3336 1385 3365 et
1402 3327 1556 3375 contra;
1585 3342 1675 3366 nam
1700 3330 1883 3380 quoniam
1905 3332 1937 3370 C
1962 3332 1995 3369 P
2013 3348 2070 3368 =
2090 3346 2127 3382 y,
2156 3333 2188 3371 si
2208 3334 2291 3372 loco
2309 3334 2334 3371 d
2353 3347 2379 3371 x

1346 3389 1502 3418 eruatur
1528 3394 1575 3419 ex
1603 3383 1817 3432 aequatione
1843 3397 1972 3422 cnrvae
1994 3385 2035 3423 K
2057 3386 2092 3424 B
2116 3386 2154 3424 A
2174 3386 2256 3437 ejus
2276 3387 2378 3424 valor

1345 3432 1386 3470 in
1405 3447 1428 3483 y
1448 3441 1486 3471 et
1505 3434 1529 3471 d
1548 3448 1573 3483 y
1591 3435 1791 3473 habebitur
1808 3437 1971 3487 aequatio
1998 3451 2084 3487 quae
2111 3440 2319 3478 continebit
2345 3452 2379 3484 z,

1344 3498 1369 3536 y
1388 3494 1426 3525 et
1445 3487 1469 3523 d
1487 3499 1511 3536 y
1531 3487 1608 3526 sive
1631 3488 1663 3526 C
1686 3489 1732 3535 P,
1757 3489 1792 3527 P
1809 3490 1852 3528 H
1872 3499 1910 3529 et
1928 3490 2141 3530 fluxionem
2158 3492 2193 3529 P
2215 3493 2260 3539 C,
2289 3504 2380 3530 cum
2401 3511 2403 3513 ·

1344 3541 1616 3578 constantibus.

1407 3596 1491 3632 195.
1541 3593 1672 3631 Ducta
1690 3595 1738 3632 sit
1756 3595 1930 3641 ordinata
1947 3609 1972 3646 p
1992 3598 2017 3634 h
2037 3596 2144 3634 alteri
2166 3596 2202 3635 P
2224 3598 2267 3635 H
2294 3597 2382 3634 infi-

1347 3644 1428 3683 nite
1456 3647 1681 3697 propinqua,
1712 3656 1749 3687 et
1775 3649 1803 3686 si
1830 3650 1958 3687 radius
1980 3650 2029 3688 sit
2055 3649 2103 3687 ad
2130 3650 2382 3698 peripheriam

1321 3736 1325 3740 ,
1349 3698 1481 3737 circuli
1510 3707 1555 3737 ut
1582 3700 1710 3738 unitas
1736 3702 1787 3739 ad
1813 3715 2017 3741 numerum
2037 3715 2075 3752 p,
2110 3703 2180 3740 erit
2198 3717 2223 3751 p
2241 3717 2265 3753 y
2284 3703 2383 3752 peri-

1347 3751 1478 3799 pheria
1504 3752 1637 3790 circuli
1664 3766 1780 3803 quem
1807 3755 1907 3792 linea
1929 3756 1959 3792 Ρ
1983 3756 2015 3793 C
2042 3754 2141 3793 circa
2158 3769 2268 3793 axem
2293 3757 2324 3795 C
2349 3757 2381 3801 1,

1348 3804 1509 3842 rotando
1544 3805 1729 3850 describit,
1765 3805 1928 3858 ideoque
1961 3808 2129 3846 annulus
2156 3808 2386 3858 cylindricus

1348 3869 1463 3906 quem
1497 3871 1607 3896 arcus
1642 3860 1673 3898 P
1702 3859 1746 3897 H
1772 3861 1798 3897 h
1825 3873 1851 3909 p
1877 3860 1918 3898 in
1951 3860 2084 3899 eadem
2118 3862 2387 3900 convolutione
