2502 4192
168 258 350 309 Lmrtn
369 257 639 319 Samum]
693 255 1094 308 PRINCIPIA
1133 253 1748 307 MATHEMATICA.

166 400 216 439 ad
235 414 320 438 eam
339 399 558 437 distantiam
578 400 761 448 pervenit,
783 413 875 450 ergo
894 413 938 438 ea
957 400 1133 438 velocitas
1146 407 1203 438 est

167 461 356 492 constans.
417 453 526 502 Ergo
544 453 585 489 in
605 453 740 490 eodem
759 454 889 491 medio
909 467 1042 491 omnes
1069 454 1203 502 pulsus

167 515 259 543 sunt
277 506 548 555 aequiveloces3
578 507 682 555 quod
702 506 749 543 de
768 519 862 543 sono
880 520 948 554 per
966 509 1203 556 experimen-

167 567 208 596 ta
226 572 359 596 verum
378 572 457 595 esse
477 559 748 596 demonstravit
770 561 1003 597 Derhamus.

221 617 286 650 29.
322 610 438 655 Quod
459 613 490 648 si
508 612 679 649 medium
699 612 891 649 diversum
910 613 969 659 sit,
992 612 1207 650 velocitates

167 664 353 713 pulsuum
381 673 495 701 erunt
522 663 669 702 inverse
699 665 739 701 in
767 665 913 702 ratione
941 665 1206 713 subduplicata

168 716 366 754 densitatis
393 724 430 754 et
457 717 598 755 directe
625 718 666 753 in
692 718 838 755 ratione
857 718 1121 766 subduplicata
1150 718 1206 755 vis

169 770 344 815 elasticae‚
365 770 506 819 quippe
528 773 667 822 (n.17.
688 770 864 820 hujusce)
886 771 1206 820 deprehendimus

167 822 398 872 quadratum
416 823 597 872 temporis
615 835 692 873 quo
710 823 880 862 celeritas
898 824 1033 872 puncti
1048 825 1085 861 A
1101 834 1205 862 tran-

758 929 849 936 .-.—

150 991 445 1040 >particularum
472 991 672 1030 intervallo
698 1000 737 1031 et
762 993 785 1030 f
806 993 840 1030 vi
869 992 1034 1037 elasticii,
1063 1001 1102 1031 et
1118 993 1206 1031 uni-

169 1044 344 1081 formiter
359 1044 564 1093 procedere
582 1055 734 1084 motum
752 1047 794 1083 in
813 1046 929 1094 pulsu
948 1048 995 1084 ab
1013 1047 1092 1085 una
1108 1039 1205 1096 ⁸par-

168 1096 288 1134 ticula
307 1097 356 1134 ad
374 1106 609 1147 sequentem,
630 1107 832 1136 sumantur
844 1111 935 1149 ergo
949 1099 1107 1136 totidem
1120 1113 1203 1148 par-

167 1156 224 1187 tes
254 1150 293 1186 in
325 1158 488 1199 utroque
519 1150 658 1198 medio,
698 1160 871 1201 tempora
902 1153 1043 1202 quibus
1078 1161 1207 1190 motus

167 1202 303 1251 pulsus
334 1216 357 1239 a
389 1201 513 1252 prima¹
544 1203 592 1241 ad
625 1205 804 1243 ultimam
841 1206 1034 1253 perveniet
1061 1205 1132 1243 erit
1162 1213 1208 1244 ut

171 1258 225 1302 Α]
253 1256 291 1292 Α
316 1256 350 1292 Β

218 1324 269 1370 4!
293 1322 315 1357 f

170 1372 366 1411 Velocitas
384 1371 473 1410 vero
487 1373 622 1421 pulsus
640 1382 697 1412 est
710 1371 850 1412 directe
863 1381 908 1412 ut
921 1376 1086 1423 spatium
1101 1375 1205 1425 quod

169 1434 360 1474 occupant
378 1424 455 1462 illae
473 1439 607 1464 omnes
625 1427 822 1475 particulae
840 1435 878 1464 et
896 1427 1041 1465 inverse
1055 1437 1096 1465 ut
1107 1437 1204 1465 tem-

168 1492 242 1527 pus
273 1479 412 1528 quibus
439 1487 567 1516 motus
585 1493 608 1516 a
626 1478 750 1528 prima
777 1479 827 1517 ad
853 1480 1029 1518 ultimam
1057 1482 1202 1527 transit,

168 1532 336 1580 spatium
356 1529 445 1568 vero
463 1532 566 1580 quod
586 1541 775 1581 occupant
793 1533 869 1570 illae
889 1534 1085 1581 particulae
1113 1546 1204 1571 cum

168 1586 245 1622 sint
257 1584 418 1622 totidem
426 1592 484 1621 est
498 1592 541 1621 ut
554 1585 801 1624 intervallum
813 1586 892 1623 AB
905 1586 1069 1637 singulae
1084 1587 1201 1635 parti-

971 1640 1008 1676 A
1040 1640 1075 1676 B

1021 1707 1058 1740 A
1082 1705 1117 1740 Β
1147 1700 1204 1708 ’-

930 1738 983 1787 V
1058 1771 1080 1806 f

168 1834 221 1884 ν
250 1821 347 1869 sl}
370 1836 411 1877 ><
438 1822 540 1881 ἷΙ-ῗ.
591 1832 845 1870 Intervallum
862 1832 1137 1881 particularum
1150 1841 1207 1871 est

166 1884 313 1922 inverse
331 1893 377 1921 ut
395 1885 561 1922 densitas
588 1886 706 1922 medii
737 1887 835 1935 (rem
855 1885 1130 1923 considerando
1158 1895 1202 1924 ut

165 1937 208 1974 in
227 1951 264 1975 n.
290 1942 351 1976 25.
375 1937 553 1987 hujusce)
583 1950 674 1988 ergo
701 1938 878 1975 velocitas
898 1938 1031 1985 pulsus
1058 1946 1114 1976 est
1139 1939 1199 1975 iu-

166 1989 273 2028 verse
291 1990 332 2027 in
350 1991 495 2028 ratione
515 1990 778 2038 subduplicata
796 1991 992 2028 densitatis
1011 1991 1141 2038 medii,
1163 2000 1201 2030 et

166 2042 308 2094 directe
326 2043 366 2079 in
381 2044 527 2080 ratione
542 2043 808 2091 subduplicata
826 2044 881 2080 vis
899 2044 1063 2081 elasticae
1080 2045 1201 2096 (quod

168 2096 286 2144 Prop.
310 2096 526 2133 XLVIII.
550 2097 683 2133 statuit
704 2097 950 2146 Newtonus).

221 2154 284 2187 30.
324 2149 402 2186 His
420 2148 468 2186 de
487 2155 567 2185 toto
585 2149 701 2196 pulsu
729 2149 849 2195 dictis,
884 2162 989 2187 nunc
1016 2150 1064 2188 de
1090 2157 1199 2188 motu

164 2202 329 2252 singulae
362 2201 559 2249 particulae
587 2201 721 2250 pulsus
752 2203 1031 2240 observandum
1063 2212 1130 2250 est,
1160 2205 1201 2241 in

165 2253 320 2304 singula
349 2254 537 2303 particula
569 2267 702 2292 omnes
734 2256 940 2293 velocitatis
972 2257 1202 2294 successivos

164 2308 307 2358 gradus
320 2320 417 2357 quos
436 2307 570 2345 habuit
585 2308 708 2356 prima
723 2308 908 2356 particula
923 2310 959 2345 A
976 2310 1146 2356 produci,
1164 2318 1202 2348 et

165 2359 407 2398 tantumdem
448 2362 628 2408 temporis
664 2360 706 2397 in
743 2360 789 2399 ea
825 2360 1013 2410 particula
1050 2363 1198 2408 durare,

164 2412 354 2463 quantum
373 2413 413 2449 in
433 2426 478 2450 ea
495 2414 682 2461 particula
705 2416 755 2460 A,
784 2416 856 2451 hoc
875 2427 963 2452 cum
984 2415 1201 2453 discrimine

164 2465 268 2516 quod
279 2465 424 2503 tardius
438 2479 503 2504 eos
515 2467 722 2504 velocitatis
736 2467 879 2518 gradus
891 2468 1069 2516 suscipiat
1084 2482 1201 2519 quam

163 2519 350 2567 particula
372 2521 423 2564 A,
453 2525 491 2556 et
508 2519 663 2569 quidem
681 2519 726 2556 eo
746 2520 891 2558 tardius
908 2519 985 2571 quo
1003 2524 1051 2559 ab
1070 2534 1115 2559 ea
1141 2535 1200 2560 re-

164 2572 304 2609 motior
321 2580 378 2609 est
390 2586 401 2618 ;
432 2574 592 2610 Primus
614 2576 744 2611 Casus.
780 2573 998 2621 Dividatur‚
1019 2582 1063 2611 ut
1081 2575 1198 2623 prius,

163 2624 384 2662 vibrationis
402 2632 553 2673 tempus
566 2625 607 2661 in
618 2626 870 2675 tempuscula,
890 2634 928 2664 et
946 2627 1107 2664 durante
1121 2641 1201 2666 uno

163 2677 407 2726 tempusculo
425 2678 620 2727 aequabilis
638 2691 791 2717 manere
810 2683 1010 2717 censeatur
1020 2681 1200 2720 velocitas

164 2729 347 2779 impressa
377 2731 574 2779 particulae
605 2733 657 2776 A,
692 2731 885 2783 fingamus
916 2733 1071 2784 singulo
1102 2741 1200 2771 tem-

164 2783 328 2831 pusculo
355 2783 592 2821 velocitatem
610 2784 660 2821 ad
679 2785 815 2834 viginti
842 2786 1047 2833 particulas
1065 2799 1197 2835 perve-

163 2835 258 2882 nire,
288 2843 326 2873 et
343 2844 557 2884 spectemus
576 2837 770 2884 speciatim
787 2846 937 2875 motum
957 2852 1072 2888 quem
1091 2839 1202 2878 deceae

164 2900 229 2925 ma
246 2888 433 2937 particula
452 2902 474 2926 a
492 2897 636 2937 puncto
659 2891 694 2926 A
716 2891 907 2939 suscipiet,
927 2905 1014 2942 quae
1032 2892 1200 2940 particu-

165 2940 205 2977 la
222 2941 370 2978 dicatur
392 2942 447 2987 X,
477 2941 543 2979 illa
561 2942 746 2989 particula
766 2944 807 2980 X
828 2952 976 2982 motum
996 2945 1129 2993 puncti
1160 2945 1198 2983 A

165 3006 244 3030 non
272 2994 428 3043 suscipit
446 2995 517 3031 nisi
536 3002 622 3042 post
647 3007 786 3033 novem
813 2997 1016 3045 particulas
1046 3007 1198 3036 antece-

164 3045 308 3092 dentes,
338 3054 423 3084 tum
449 3047 531 3095 ipsa
557 3047 744 3095 particula
766 3049 806 3086 X
825 3058 975 3087 motum
994 3051 1128 3098 puncti
1160 3053 1197 3089 A

165 3100 322 3147 suspicit
342 3106 380 3137 et
398 3100 640 3138 uniformiter
657 3113 748 3138 cum
767 3114 814 3139 eo
832 3111 1008 3140 movetur
1035 3104 1198 3142 durante

163 3152 311 3201 reliquo
328 3153 581 3201 tempusculo,
611 3161 705 3191 tunc
732 3167 778 3192 ex
805 3156 1004 3204 hypothesi
1025 3165 1198 3195 mutatur

164 3203 335 3242 celeritas
352 3206 486 3253 puncti
509 3207 558 3252 A,
580 3206 725 3245 interea
743 3215 871 3245 tamen
892 3209 1094 3247 uniformis
1111 3223 1194 3248 ma-

162 3264 230 3295 net
247 3257 418 3295 celeritas
436 3259 569 3306 puncti
590 3260 623 3296 X
648 3259 770 3297 donec
783 3272 882 3298 nova
900 3274 944 3300 ea
963 3262 1133 3300 celeritas
1146 3264 1195 3301 ad

163 3308 284 3358 ipsam
303 3311 499 3358 pervenire
516 3313 693 3359 potuerit,
724 3314 796 3351 hoc
815 3320 870 3351 est
888 3323 1088 3365 postquam
1107 3329 1194 3354 suc-

164 3362 304 3400 cessive
323 3364 495 3411 pervenit
512 3363 561 3400 ad
578 3365 782 3413 particulas
808 3379 945 3405 novem
965 3369 1190 3406 anteceden-

167 906 217 944 sit
234 906 274 943 in
294 914 483 955 punctum
502 908 537 946 B
551 920 630 945 esse
872 908 1096 959 designante
1113 912 1150 947 A
1169 910 1204 948 B

384 1287 575 1339 (neglecta
604 1290 816 1339 quantitate
842 1290 1031 1327 constanti
1070 1291 1203 1340 3.57.)

171 1668 283 1716 culae,
293 1666 459 1719 ideoque
471 1674 528 1706 est
539 1669 715 1708 velocitas
725 1669 860 1719 pulsus
871 1676 915 1708 ut

163 3421 233 3460 tes,
265 3415 331 3452 sed
345 3427 444 3452 nova
461 3416 544 3453 haec
561 3417 732 3456 celeritas
752 3431 817 3467 per
834 3432 972 3457 novem
990 3421 1197 3469 particulas

163 3468 430 3506 antecedentes
458 3468 684 3516 particulam
717 3472 758 3508 X
794 3481 1025 3523 propagatur
1060 3475 1196 3512 eodem

163 3528 335 3569 ternpore
352 3533 429 3571 quo
448 3520 570 3569 prima
587 3522 758 3561 celeritas
784 3537 851 3572 per
878 3526 1030 3564 easdem
1056 3539 1195 3565 novem

163 3573 369 3621 particulas
386 3582 595 3624 propagata
613 3575 760 3624 fuerat3
781 3590 872 3637 ergo
891 3578 1013 3626 prima
1027 3580 1198 3617 celeritas

162 3624 271 3664 tanto
303 3626 450 3663 diutius
481 3635 678 3675 permanet
704 3629 745 3666 in
769 3630 955 3678 particula
984 3632 1024 3669 X
1052 3632 1197 3682 quanto

153 3679 309 3716 -tardius
335 3692 419 3717 eam
447 3688 650 3728 receperat,
686 3694 778 3732 ergo
804 3696 850 3720 ea
875 3684 1000 3732 prima
1026 3685 1197 3723 celeritas

164 3730 313 3769 tamdiu
332 3732 444 3770 durat
462 3733 502 3769 in
522 3734 708 3781 particula
730 3735 770 3772 X
791 3736 977 3785 quamdiu
996 3736 1198 3776 duraverat

162 3782 203 3819 in
231 3784 416 3831 particula
447 3786 509 3832 A;
543 3798 710 3836 cumque
736 3788 839 3825 idem
857 3787 905 3825 de
923 3789 1085 3840 singulis
1109 3804 1195 3828 suc-

163 3837 313 3874 cessivis
331 3838 499 3877 motibus
517 3840 650 3888 puncti
672 3843 711 3878 A
731 3839 808 3879 dici
827 3842 954 3890 possit,
983 3843 1073 3881 hinc
1091 3856 1196 3894 quae-

2194 262 2296 310 5285

1256 400 1347 437 libet
1375 400 1563 448 particula
1592 400 1634 437 X
1662 398 1895 448 ipsissimum
1929 399 2043 437 habet
2074 407 2224 437 motum
2252 412 2297 438 ac

1256 453 1443 501 particula
1466 454 1517 499 A,
1552 454 1626 490 nisi
1653 452 1757 502 quod
1786 451 1932 489 tardius
1951 452 1992 488 in
2012 452 2056 489 ea
2075 452 2232 500 incipiat
2258 460 2298 490 et

1258 506 1418 544 desinat.
1484 505 1655 556 Ideoque
1675 506 1789 543 etiam
1809 504 2055 542 manifestum
2074 513 2130 543 est
2156 507 2196 542 in
2223 507 2297 543 hoc

1260 572 1361 604 casu,
1392 559 1512 608 spatia
1530 573 1552 596 a
1571 558 1767 607 particulis
1793 560 1825 595 A
1848 566 1885 595 et
1906 558 1944 594 X
1965 557 2153 607 descripta
2170 571 2296 609 aequa-

1259 611 1312 649 lia
1331 612 1412 649 fore
1426 621 1464 649 et
1482 612 1655 650 similiter
1673 611 1873 659 descripta.

1313 668 1508 704 Secundus
1531 669 1659 705 Casus.
1707 664 1879 701 Ponatur
1906 676 2012 701 nunc
2038 663 2143 713 quod
2169 670 2299 701 motus

1258 719 1392 766 puncti
1416 721 1452 755 A
1474 718 1669 768 aequabilis
1688 730 1767 754 non
1787 725 1939 754 maneat
1958 717 2120 754 durante
2138 717 2294 766 singulo

1257 771 1511 819 tempusculo‚
1540 771 1757 808 velocitates
1774 777 1903 807 tamen
1922 769 2143 807 successivae
2162 771 2296 818 puncti

1262 824 1304 860 X
1332 831 1445 861 erunt
1476 824 1553 860 illae
1585 837 1680 874 quas
1711 824 1750 859 in
1783 823 1861 860 fine
1890 823 2032 872 singuli
2064 823 2295 871 tempusculi

1259 889 1375 926 quam
1395 877 1545 913 minimi
1565 884 1753 924 punctum
1776 878 1814 913 A
1833 876 2084 926 acquisiverit,
2113 883 2158 913 ut
2178 875 2297 925 liquet

1259 941 1305 966 ex
1337 929 1447 966 tertio
1479 942 1569 966 casu
1598 938 1699 967 notae
1732 933 1794 973 24,
1833 927 1998 979 ideoque
2028 936 2218 978 punctum
2254 929 2297 966 X

1260 982 1439 1030 suscipiet
1453 982 1670 1020 velocitates
1684 981 2023 1030 correspondentes
2037 981 2298 1019 velocitatibus

1259 1035 1393 1083 puncti
1416 1036 1451 1072 A
1473 1035 1638 1083 sumptis
1655 1048 1723 1083 per
1740 1035 1874 1081 saltus,
1903 1035 1969 1071 scd
1996 1035 2178 1084 quoniam
2207 1033 2298 1072 cum

1258 1086 1429 1135 primum
1449 1096 1638 1135 punctum
1661 1089 1698 1125 A
1720 1088 1885 1136 spatium
1907 1088 2059 1124 finitum
2087 1087 2295 1136 descripsit,

1259 1153 1372 1190 agere
1399 1141 1535 1189 incipit
1553 1142 1594 1177 in
1612 1149 1802 1189 punctum
1830 1140 2061 1188 proximum,
2096 1141 2214 1177 saltus
2242 1141 2297 1177 illi

1259 1193 1528 1242 quamminimi
1560 1194 1724 1243 intelligi
1753 1193 1902 1237 debent,
1939 1191 2105 1242 ideoque
2142 1193 2298 1242 physice

1260 1245 1371 1290 nulli,
1406 1246 1497 1284 hinc
1525 1245 1679 1296 physice
1706 1246 1893 1295 particula
1913 1247 1956 1284 X
1976 1254 2013 1284 et
2039 1246 2227 1295 particula
2259 1249 2296 1284 A

1261 1298 1414 1336 eosthm
1434 1307 1562 1336 motus
1581 1301 1785 1337 habebunt.

1317 1352 1463 1389 Pariter
1490 1352 1703 1390 describent
1729 1352 1848 1401 spatia
1878 1351 2038 1402 aequalia
2065 1359 2103 1390 et
2129 1351 2294 1399 similia3

1259 1405 1401 1453 quippe
1445 1406 1616 1443 abscissae
1653 1418 1779 1442 curvae
1815 1406 1985 1457 cujusvis
2024 1414 2297 1454 repraesentent

1259 1466 1411 1506 tempus
1442 1471 1520 1507 quo
1552 1458 1715 1495 durante
1748 1468 1937 1507 punctum
1974 1459 2012 1495 A
2041 1466 2227 1504 movetur,
2258 1466 2296 1496 et

1259 1511 1341 1560 ejus
1358 1510 1542 1548 ordinatae
1560 1519 1831 1560 repraesentent
1844 1510 2179 1559 correspondentes
2191 1511 2292 1548 velo-

1258 1565 1401 1609 citates,
1429 1571 1466 1600 et
1492 1563 1684 1601 dividatur
1710 1564 1792 1601 axis
1811 1576 1936 1601 curvae
1955 1564 1995 1600 in
2016 1572 2139 1612 partes
2157 1577 2294 1614 quam-

1258 1616 1438 1653 minimas
1456 1616 1523 1653 sed
1541 1616 1679 1661 finitas,
1700 1617 1972 1666 eriganturque
1990 1617 2186 1660 ordinatae,
2216 1616 2295 1654 illae

1258 1671 1582 1716 repraesentabunt
1609 1669 1825 1707 velocitates
1852 1669 2056 1719 aequabiles
2083 1669 2218 1718 puncti
2248 1670 2292 1707 X

1258 1720 1368 1758 initio
1387 1722 1529 1772 singuli
1557 1722 1801 1770 tempusculi,
1836 1730 1874 1760 et
1900 1722 2295 1771 parallelogrammata

1260 1782 1437 1811 contenta
1465 1777 1536 1812 sub
1564 1776 1738 1812 ordinata
1764 1783 1802 1812 et
1828 1776 2001 1823 portione
2028 1776 2109 1812 axis
2137 1788 2294 1823 respon-

1259 1827 1373 1864 dente
1392 1830 1719 1875 repraesentabunt
1737 1829 1857 1876 spatia
1875 1842 1897 1865 a
1916 1835 2059 1876 puncto
2076 1828 2115 1865 X
2128 1828 2293 1876 descrip-

1258 1887 1309 1924 ta,
1330 1893 1427 1917 areae
1447 1879 1536 1917 vero
1555 1881 1778 1917 mixtilineae
1797 1881 1896 1919 inter
1922 1881 2076 1919 easdem
2102 1881 2294 1919 ordinatas

1254 1932 1406 1970 easdem
1434 1934 1515 1971 axis
1542 1934 1735 1982 portiones
1762 1941 1800 1971 et
1826 1947 1936 1971 arcus
1963 1947 2090 1971 curvae
2122 1947 2293 1982 compre-

1253 1986 1384 2022 hensae
1411 1987 1739 2035 repraesentabunt
1766 1988 1887 2035 spatia
1913 1987 2245 2035 correspondentia
2271 2001 2295 2025 a

1253 2047 1399 2086 puncto
1421 2044 1458 2076 A
1479 2039 1678 2088 descripta,
1711 2039 1778 2077 sed
1807 2040 1962 2089 quando
1991 2040 2182 2088 portiones
2210 2040 2291 2078 axis

1254 2099 1345 2128 sunt
1363 2093 1665 2142 quamminimae,
1695 2106 1858 2130 summae
1876 2093 2052 2130 omnium
2073 2106 2206 2131 eorum
2227 2108 2292 2142 pa-

1252 2144 1644 2195 rallelogrammatum
1659 2154 1697 2184 et
1708 2158 1881 2183 arearum
1898 2146 2198 2183 mixtilinearum
2211 2159 2293 2184 cor-

1253 2197 1569 2246 respondentium
1591 2212 1659 2246 pro
1684 2199 1896 2249 aequalibus
1921 2200 2121 2236 habentur.
2183 2200 2293 2249 Ergo

1254 2251 1375 2299 spatia
1389 2264 1411 2287 a
1429 2251 1625 2300 particulis
1647 2254 1682 2289 A
1700 2261 1736 2289 et
1754 2252 1792 2288 X
1816 2252 2004 2300 descripta
2022 2260 2112 2289 sunt
2131 2254 2294 2303 aequalia

1254 2311 1292 2341 et
1310 2304 1483 2341 similiter
1501 2304 1688 2353 descripta
1706 2305 1840 2342 saltem
1858 2305 1976 2355 quam
1995 2305 2178 2353 proxime.

1308 2361 1371 2395 31.
1406 2356 1504 2394 Ideo
1522 2358 1766 2395 uniformiter
1783 2365 1912 2396 motus
1930 2358 2036 2395 fibrae
2055 2366 2289 2409 propagatur

1253 2417 1358 2447 trans
1384 2410 1587 2458 particulas
1614 2411 1756 2457 medii;
1785 2411 1949 2461 singulae
1968 2409 2056 2449 vero
2075 2411 2157 2461 ejus
2175 2413 2292 2460 parti·

1254 2463 1352 2500 culae
1371 2462 1580 2500 successive
1597 2471 1748 2501 motum
1773 2463 1877 2501 fibrae
1904 2464 2119 2512 suscipiunt
2145 2472 2181 2502 et
2210 2466 2292 2515 ejus

1253 2515 1304 2553 ad
1335 2516 1453 2553 instar
1479 2524 1695 2562 moventur,
1729 2516 1796 2554 sed
1822 2517 1863 2553 in
1890 2516 1986 2554 fibra
2013 2515 2169 2555 elastica
2196 2519 2293 2556 vires

1254 2575 1344 2606 suut
1379 2581 1528 2617 semper
1562 2569 1863 2620 proportionales
1899 2570 2087 2607 distantiae
2122 2570 2228 2608 fibrae
2269 2585 2292 2608 a

1253 2628 1399 2669 puncto
1426 2622 1554 2659 medio
1589 2629 1717 2660 motus
1752 2623 1823 2667 sui,
1862 2630 1907 2660 ut
1938 2635 2006 2671 per
2032 2626 2293 2671 experimenta

1255 2682 1413 2720 constat,
1443 2682 1481 2712 et
1506 2674 1660 2713 illarum
1678 2675 1818 2713 virium
1837 2676 1936 2713 actio
1955 2675 2184 2713 sensibiliter
2210 2689 2290 2714 non

1253 2729 1431 2765 turbatur
1447 2740 1516 2776 per
1533 2728 1786 2766 resistentiam
1799 2729 1905 2775 a'e'ris,
1926 2737 2079 2777 propter
2097 2729 2179 2780 ejus
2197 2731 2290 2767 rari-

1253 2787 1382 2825 tatem,
1415 2794 1485 2818 nec
1511 2794 1579 2830 per
1605 2782 1688 2831 ejus
1715 2781 1914 2819 elaterium
1942 2782 2033 2831 quia
2050 2782 2141 2819 hinc
2159 2782 2249 2820 inde
2267 2796 2291 2821 a

1253 2831 1350 2871 fibra
1368 2834 1432 2871 a'e'r
1458 2833 1572 2872 datur
1598 2834 1665 2884 qui
1691 2834 1771 2872 fere
1797 2834 1993 2885 aequaliter
2021 2835 2171 2883 premit,
2201 2835 2290 2874 ideo

1254 2886 1350 2924 fibra
1377 2887 1529 2925 elastica
1555 2900 1599 2925 ac
1626 2899 1694 2936 per
1725 2900 1960 2938 consequens
1996 2888 2194 2940 particulaej
2230 2889 2289 2938 ip-

1253 2952 1305 2977 sae
1344 2940 1462 2991 medii
1502 2947 1706 2978 moventur
1738 2940 1955 2979 secundum
2000 2940 2127 2990 legem
2167 2941 2283 2990 Prop.

1256 2993 1528 3031 XXXVIII.
1555 2993 1641 3031 Lib.
1663 2993 1697 3030 Ι.
1760 2994 1834 3031 Sed
1853 2993 1986 3031 eadem
2005 3001 2061 3030 est
2079 2993 2140 3030 lex
2160 3002 2289 3032 motus

1251 3046 1411 3093 penduli
1429 3046 1469 3083 in
1488 3046 1658 3096 cycloide
1677 3046 1883 3084 oscillantis
1904 3046 2018 3095 Prop.
2045 3046 2120 3083 LI.
2146 3046 2233 3085 Lib.
2251 3048 2286 3086 I.

1253 3099 1366 3149 Ergo
1393 3102 1561 3149 pulsibus
1582 3101 1656 3149 'per
1673 3101 1855 3151 fluidum
1885 3102 2100 3149 propagatis
2128 3102 2289 3149 singula»

1244 3154 1448 3200 particulae
1475 3160 1577 3190 motu
1596 3154 1780 3202 reciproco
1801 3154 2008 3191 brevissimo
2028 3160 2156 3191 euntes
2175 3161 2211 3191 et
2228 3168 2289 3192 re-

1249 3207 1406 3243 deuntes
1424 3208 1684 3244 accelerantur
1710 3219 1854 3255 semper
1881 3213 1915 3244 et
1941 3208 2192 3246 retardantur
2212 3221 2285 3257 pro

1247 3259 1324 3307 lege
1343 3260 1544 3297 oscillantis
1556 3260 1730 3308 penduli.
1793 3259 1843 3302 Q.
1867 3271 1899 3296 e.
1923 3257 1961 3296 d.

1301 3321 1364 3355 82.
1400 3318 1585 3355 Sumatur
1602 3324 1756 3366 tempus
1773 3317 1947 3368 quodvis,
1974 3317 2168 3368 simulque
2187 3317 2287 3355 illud

1247 3369 1493 3408 intervallum
1511 3370 1611 3407 inter
1628 3370 1831 3419 particulas
1848 3370 1993 3419 pulsus,
2015 3372 2120 3420 quod
2139 3370 2214 3408 tale
2229 3378 2287 3408 est

1248 3429 1294 3459 ut
1322 3435 1368 3460 eo
1400 3431 1571 3471 tempore
1603 3430 1800 3471 assumpto
1831 3430 1960 3461 motus
1979 3423 2086 3462 fibrae
2114 3436 2137 3460 a
2162 3422 2286 3471 primii

1248 3475 1435 3524 particula
1466 3476 1549 3526 ejus
1575 3475 1764 3513 intervalli
1790 3476 1839 3513 ad
1865 3477 2042 3514 ultimam
2074 3475 2281 3524 perveniat.

1253 3528 1367 3573 Dico,
1396 3528 1499 3578 quod
1520 3537 1672 3577 tempus
1689 3527 1788 3566 illud
1806 3529 1878 3567 erit
1895 3529 1945 3566 ad
1963 3536 2088 3566 totum
2106 3528 2284 3566 vibratio-

1250 3581 1310 3617 nis
1327 3588 1479 3629 tempus
1497 3588 1542 3620 ut
1558 3580 1655 3619 illud
1675 3580 1916 3619 intervallum
1937 3583 1985 3618 ad
2004 3581 2122 3619 totius
2149 3580 2285 3630 pulsus

1251 3633 1559 3683 longitudinem;
1591 3647 1651 3671 res
1677 3642 1734 3673 est
1762 3634 2043 3672 evidentissima
2069 3646 2115 3671 ex
2142 3631 2285 3682 praece-

1252 3686 1431 3724 dentibus
1443 3702 1455 3733 3
1484 3700 1573 3724 narn
1594 3686 1684 3725 cum
1703 3695 1830 3725 motus
1847 3694 2078 3736 propagetur
2100 3686 2140 3724 in
2167 3686 2285 3735 pulsu

1251 3738 1493 3777 uniformiter
1510 3739 1801 3790 qualiscumque
1827 3740 1875 3776 sit
1899 3740 2082 3784 celeritas,
2111 3740 2185 3777 hoc
2212 3747 2280 3782 est,

1249 3804 1341 3829 cum
1358 3791 1408 3829 ad
1426 3792 1585 3830 totidem
1617 3792 1820 3842 particulas
1847 3792 1937 3829 dato
1963 3799 2134 3839 tempore
2152 3804 2284 3840 perve-

1249 3844 1341 3890 niat,
1363 3845 1609 3884 manifestum
1623 3853 1679 3884 est
1690 3845 1795 3896 quod
1813 3845 1865 3883 sic
1883 3853 1929 3883 ut
1946 3851 2003 3882 est
2020 3852 2146 3883 totum
2164 3844 2285 3883 vibra-
