2502 4192
39 3356 50 3367 “
125 3365 192 3397 tur
226 3357 372 3408 ubique
410 3358 619 3410 aequaliter‚
659 3359 817 3410 aequalis
852 3371 1006 3409 quoque
1043 3360 1116 3397 erit

143 259 332 312 LIBER
351 258 624 321 Saeuum]
677 255 1081 310 PRINCIPIA
1121 257 1615 311 MATHEMATI
1623 258 1738 310 CA.
2190 268 2287 314 261

142 400 284 452 missi
302 417 413 450 sese
438 398 493 448 in
518 415 698 450 omnes
719 398 942 451 cubiculi
956 407 1130 467 partes
1151 398 1384 462 dilatant,
1412 399 1568 469 inque
1588 398 1789 470 angulis
1811 400 2051 451 omnibus
2072 402 2292 453 audiun-

139 501 237 553 tur,
266 508 372 541 non
398 498 503 540 tam
528 489 708 540 reflexi
734 509 764 540 a
787 489 1069 558 parietibus
1096 489 1362 557 oppositiS,
1392 508 1547 560 quam
1573 510 1604 542 a
1627 489 1852 543 fenestra
1880 490 2075 543 directe
2099 510 2294 562 propa-

137 581 261 652 gati,
291 577 543 650 quantum
570 597 636 630 ex
662 597 813 631 sensu
834 579 1069 648 judicare
1093 579 1229 631 licet.

212 675 325 726 Cas·
355 680 402 724 3.
461 672 724 723 Ponamus
750 671 972 741 denique
999 671 1140 741 quod
1165 680 1337 724 motus
1363 673 1713 743 cujuscunque
1738 675 1945 744 generis
1971 684 2292 745 propagetur

136 764 201 816 ab
228 765 279 815 A
303 782 397 834 per
422 763 654 816 foramen
683 765 729 816 B
759 763 804 815 C
824 784 836 815 :
877 772 928 815 et
953 764 1199 833 quoniam
1222 765 1532 835 propagatio
1557 765 1654 817 ista
1679 784 1786 817 non
1811 766 1886 829 fit,
1909 766 2008 818 nisi
2035 765 2289 836 quatenus

133 863 308 923 partes
333 854 491 907 medii
518 862 697 906 centro
724 854 774 906 A
800 853 1070 923 propiores
1095 863 1286 926 urgent
1310 864 1740 926 commoventque
1776 865 1950 926 partes
1988 855 2257 908 ulteriores
2271 876 2286 919 3

1509 1554 1591 1564 “-

1511 1563 1599 1641 mmm

1659 1601 1737 1615 Η

1507 1640 1600 1686 {lm

1727 1708 1729 1710 ,
1656 1617 1737 1686 mum

124 2355 176 2398 et
198 2355 367 2415 partes
394 2365 511 2417 quae
538 2356 791 2419 urgentur
828 2346 1003 2398 fluidae
1043 2356 1177 2410 sunt,
1218 2345 1441 2416 ideoque
1481 2344 1735 2396 recedunt
1771 2363 2184 2416 quaquaversum
2222 2345 2278 2396 in

122 2436 358 2506 regiones
398 2436 490 2487 ubi
527 2435 698 2487 minus
748 2445 1083 2504 premuntur:
1138 2435 1382 2486 recedent
1432 2433 1630 2485 eaedem
1680 2453 1858 2486 versus
1900 2435 2059 2487 medii
2102 2444 2277 2503 partes

124 2545 303 2579 omnes
345 2527 683 2596 quiescenteS‚
731 2537 838 2579 tam
880 2526 1117 2580 laterales
1161 2526 1215 2577 K
1245 2526 1291 2577 L
1326 2535 1376 2577 et
1410 2525 1464 2576 N
1492 2524 1559 2587 O,
1605 2522 1761 2594 quam
1804 2526 2087 2577 anteriores
2130 2526 2175 2577 P
2204 2525 2274 2588 Q,

123 2633 286 2684 eoque
308 2625 462 2685 pacto
485 2626 656 2669 motus
683 2617 867 2680 omniS‚
910 2635 1066 2686 quam
1097 2614 1325 2684 primum
1350 2632 1445 2683 per
1469 2613 1704 2665 foramen
1733 2614 1779 2666 B
1810 2613 1854 2664 C
1879 2610 2100 2677 transiit,
2145 2614 2276 2665 dila„

121 2703 219 2756 tari
242 2704 452 2773 incipiet
477 2715 528 2757 et
552 2705 673 2757 inde
688 2714 936 2776 tanquam
961 2725 992 2757 a
1015 2704 1274 2775 principio
1299 2712 1352 2756 et
1377 2712 1575 2766 centrO,
1601 2702 1657 2754 in
1675 2712 1853 2772 partes
1872 2722 2056 2756 omnes
2074 2701 2272 2756 directe

121 2794 413 2863 propagari.
492 2793 561 2855 Q.
590 2813 634 2846 e.
661 2793 712 2845 d.

176 2938 267 2973 299.
301 2932 479 2972 Lemma.
535 2935 597 2972 Vis
622 2935 863 2973 accelerata-ix
888 2930 967 2983 quii
989 2945 1116 2982 punc·

124 2994 209 3026 tum
238 2988 422 3038 quodlibet
455 2990 493 3026 P
522 2988 630 3026 nervi
665 2989 760 3025 tensi
795 2994 831 3025 et
866 2987 1116 3037 uniformiter

124 3042 245 3079 crassi
279 3048 453 3089 urgetur,
497 3042 593 3079 dum
626 3054 694 3090 per
729 3042 991 3079 brevissimum
1030 3052 1115 3088 spa-

124 3096 227 3132 tium
264 3095 468 3139 oscillatur,
511 3102 565 3132 est
600 3102 646 3132 ut
685 3095 791 3132 nervi
826 3100 1035 3132 curvatura
1072 3094 1115 3131 in

123 3149 250 3186 eodem
277 3148 367 3184 loco.
426 3146 581 3183 Nervus
615 3147 654 3184 A
687 3147 718 3184 C
755 3146 925 3195 pondere
961 3146 999 3184 G
1030 3154 1116 3183 ten-

125 3212 192 3238 sus
218 3198 428 3238 oscillando
451 3199 668 3248 pervenerit
693 3199 743 3237 ad
769 3199 998 3248 positionem
1026 3211 1115 3237 cur-

125 3265 183 3291 vae
211 3252 249 3290 A
272 3252 307 3289 P
330 3252 374 3296 C,
405 3265 496 3291 cum
522 3265 595 3291 axe
625 3254 662 3291 A
688 3253 720 3291 C
748 3251 829 3290 fere
852 3252 1113 3299 coincidentis,

125 3312 166 3344 et
191 3304 283 3356 quia
309 3304 412 3343 linea
442 3312 546 3344 recta
581 3307 614 3344 C
646 3306 685 3344 A
719 3305 889 3356 pondere
920 3306 958 3343 G
988 3306 1115 3343 tendi-

125 3410 251 3450 tensio
269 3410 447 3449 omnium
465 3412 632 3461 partium
651 3425 777 3451 curvae
800 3412 839 3450 A
862 3412 896 3449 P
919 3412 951 3450 C
979 3426 1116 3463 quam-

125 3464 312 3515 proxime.
374 3464 559 3503 Sumatur
593 3472 783 3514 punctum
820 3478 859 3514 p,
897 3473 1042 3514 puncto
1081 3466 1116 3504 P

125 3517 477 3568 quamproximum,
498 3526 537 3556 et
555 3517 680 3556 ductis
697 3519 943 3569 tangentibus
965 3519 1000 3556 P
1012 3527 1039 3564 t,
1061 3532 1086 3568 p
1101 3526 1117 3557 t

127 3571 443 3609 concurrentibus
457 3572 497 3608 in
510 3578 538 3618 t,
554 3570 791 3620 compleatur
805 3571 1116 3623 parallelogram-

126 3635 239 3661 mum
269 3623 305 3662 P
323 3632 339 3661 t
357 3637 382 3673 p
408 3637 439 3671 r,
468 3623 735 3675 ducanturque
767 3624 817 3662 ad
842 3637 1000 3662 curvam
1028 3638 1116 3663 nor-

125 3676 248 3714 males
286 3677 321 3715 P
351 3677 402 3724 O,
440 3690 467 3727 p
497 3678 535 3717 O
554 3685 825 3715 concurrentes
853 3677 895 3715 in
929 3678 979 3722 Ο,
1019 3678 1118 3716 vires

127 3729 296 3779 aequales
324 3730 465 3781 quibus
491 3743 601 3768 arcus
633 3742 859 3769 evanescens
893 3730 926 3768 P
954 3743 989 3780 p,
1030 3732 1116 3783 (qui

127 3782 231 3820 sumi
249 3789 373 3832 potest
385 3796 455 3834 pro
466 3796 558 3822 arcu
569 3783 703 3821 circuli
717 3783 825 3820 radio
842 3783 877 3822 P
895 3784 932 3822 O
949 3782 1116 3834 descrip-

126 3833 156 3874 ti
177 3836 287 3888 (121.
310 3835 400 3876 Lib.
424 3837 483 3888 Ι.)
512 3837 555 3875 in
572 3836 844 3875 directionibus
870 3837 1115 3888 tangentium
