2502 4192
764 258 966 299 INDEX
998 255 1518 303 PROPOSI'HONUM.

128 424 301 464 PROP.
329 419 552 461 xxv111.
612 418 837 457 THEOR.
864 385 1088 455 XX111¹J³³

78 515 118 554 Si
133 513 279 563 corpori
292 509 555 560 funependulo
570 510 611 547 in
623 508 792 560 cycloide
811 507 1002 547 oscillanti

124 568 310 605 resistitur
326 566 367 602 in
385 565 532 602 ratione
549 569 834 601 momentorum
852 569 1002 609 tempo-

126 622 190 667 ris,
220 619 290 658 erit
307 619 391 669 ejus
417 617 627 654 resistentia
645 616 695 653 ad
713 616 790 652 vim
809 613 1003 665 gravitatis

127 681 172 712 ut
190 684 365 712 excessus
383 669 493 709 arcus
519 670 705 707 descensu
724 676 805 706 toto
824 666 1003 714 descripti

128 738 242 775 supra
252 737 384 762 arcum
401 736 560 760 ascensu
575 724 828 771 subsequente
839 720 1004 767 descrip-

123 787 220 823 tum,
231 777 282 816 ad
293 776 451 827 penduli
463 775 747 827 longitudinem
755 772 1001 822 duplicatam.

213 880 388 920 PROP.
415 880 591 918 XXIX.
655 876 869 917 PROBL.
895 876 972 914 VI.

75 954 209 993 Posito
237 952 343 1003 quod
373 951 521 1000 corpori
551 951 592 987 in
620 948 790 999 cycloide
816 946 1005 985 oscillanti

126 1007 313 1044 resistitur
331 1007 373 1042 in
392 1002 587 1052 duplicata
614 1003 760 1040 ratione
783 1001 1001 1046 velocitatis,

127 1060 298 1098 invenire
316 1057 569 1096 resistentiam
586 1056 629 1093 in
646 1055 740 1093 locis
755 1053 918 1104 singulis
919 1081 1002 1093 .....

180 1161 354 1200 PROP.
381 1159 523 1198 XXX.
585 1157 812 1197 THEOR.
838 1155 1001 1195 XXIV.

77 1232 117 1272 Si
150 1239 255 1270 recta
285 1233 323 1269 A
348 1231 383 1269 B
412 1230 569 1280 aequalis
597 1229 645 1267 sit
680 1228 862 1279 cycloidis
897 1227 1005 1266 arcui

124 1298 240 1335 quem
266 1297 405 1332 corpus
432 1282 642 1320 oscillando
669 1282 856 1328 describit,
890 1288 930 1318 et
952 1281 1005 1318 ad

125 1337 277 1387 singula
302 1337 385 1387 ejus
404 1344 548 1387 puncta
570 1336 610 1373 D
630 1335 825 1385 erigantur
843 1347 1004 1383 perpen-

125 1391 254 1428 dicula
284 1391 324 1428 D
348 1390 401 1434 K,
431 1402 518 1438 quae
545 1388 621 1426 sint
647 1389 695 1425 ad
720 1386 1002 1438 longitudinem

127 1443 288 1493 penduli
314 1452 360 1480 ut
389 1442 602 1479 resistentia
628 1442 795 1490 corporis
827 1441 866 1478 in
896 1439 1005 1478 arcfis

126 1496 280 1546 punctis
306 1494 687 1544 correspondentibus
705 1494 755 1531 ad
773 1493 851 1531 vim
879 1495 1005 1542 gravi-

125 1551 236 1587 tatis:
274 1549 360 1586 dico
387 1548 491 1599 quod
515 1547 731 1585 differentia
757 1546 856 1584 inter
874 1559 1006 1583 arcum

126 1602 313 1640 descensu
331 1609 411 1639 toto
423 1600 658 1650 descriptum
675 1608 713 1637 et
731 1612 861 1637 arcum
875 1612 1005 1637 ascen-

125 1668 172 1693 su
189 1662 271 1693 toto
289 1656 546 1704 subsequente
573 1653 808 1701 descriptum
828 1653 944 1689 ducta
963 1652 1003 1688 in

125 1720 287 1746 arcuum
306 1706 517 1745 eorundem
536 1706 855 1749 semi-summam,
877 1717 1004 1754 aequa-

126 1761 175 1799 lis
192 1761 263 1798 erit
281 1773 380 1797 areae
403 1761 438 1798 B
461 1759 502 1797 K
523 1772 546 1797 a
572 1760 595 1798 a
611 1758 895 1808 perpendiculis
922 1771 1005 1795 om-

128 1814 244 1853 nibus
261 1814 302 1851 D
325 1813 367 1851 K
386 1819 896 1867 occupatae............m...
902 1838 1002 1849 ......

180 1918 357 1957 PROP.
379 1917 552 1955 XXXI.
615 1915 842 1954 THEOR.
868 1916 1010 1954 XXV.

78 1991 120 2031 Si
138 1990 306 2040 corporis
324 1989 533 2028 oscillantis
552 1989 764 2028 resistentia
780 1989 822 2026 in
841 1988 1004 2039 singulis

126 2057 290 2083 arcuum
308 2043 584 2091 descriptorum
605 2043 774 2091 partibus
791 2042 1004 2091 proportio-

127 2097 281 2135 nalibus
313 2103 501 2145 augeatur
531 2096 591 2133 vel
623 2096 820 2133 minuatur
845 2095 888 2132 in
916 2092 1006 2133 data

126 2149 299 2196 ratione3
320 2149 538 2187 differentia
556 2148 657 2186 inter
670 2161 802 2186 arcum
821 2149 1005 2186 descensu

127 2203 363 2251 descriptum
378 2209 417 2240 et
427 2214 559 2239 arcum
575 2204 830 2251 subsequente
847 2213 1006 2239 ascensu

128 2255 375 2304 descriptum,
396 2256 602 2306 augebitur
620 2255 682 2293 vel
699 2255 937 2293 diminuetur
964 2254 1005 2291 in

128 2306 264 2347 eadem
278 2309 425 2347 ratione
431 2333 1002 2348 .................................

1034 774 1109 811 156

1035 1056 1108 1093 157

1038 1815 1111 1849 163

1038 2311 1111 2345 168

150 2414 323 2454 PROP.
351 2413 555 2453 XXXII.
616 2414 842 2472 THEOR.
870 2412 1042 2451 XXVI.

81 2492 121 2532 Si
137 2505 341 2541 corporum
356 2501 560 2542 systemata
573 2492 653 2530 duo
667 2492 808 2530 similia
819 2504 864 2530 ex
879 2505 1007 2543 aequa-

130 2545 159 2583 li
177 2545 451 2593 particularum
471 2558 633 2582 numero
651 2552 837 2592 constent,
865 2553 905 2583 et
922 2557 1007 2594 par·

131 2598 261 2636 ticulae
296 2598 634 2647 correspondentes
669 2599 812 2636 similes
852 2598 930 2636 sint
969 2605 1008 2637 et

131 2651 445 2700 proportionales,
467 2651 630 2702 singulae
648 2651 688 2688 in
708 2664 788 2690 uno
806 2658 1008 2701 systemate

132 2704 296 2755 singulis
321 2704 363 2741 in
390 2704 521 2749 altero,
554 2712 592 2742 et
620 2704 793 2742 similiter
810 2706 892 2742 sitae
908 2705 1008 2742 inter

133 2770 185 2803 se,
206 2770 250 2794 ac
268 2757 398 2795 datam
425 2758 590 2795 habeant
609 2759 793 2796 rationem
812 2757 1008 2795 densitatis

134 2810 185 2848 ad
198 2810 371 2855 invicem,
390 2818 428 2848 et
443 2811 542 2847 inter
554 2823 592 2847 se
605 2811 840 2859 temporibus
851 2823 1006 2862 propor-

132 2862 342 2901 tiomlibus
368 2863 542 2901 similiter
560 2864 704 2901 moveri
723 2863 906 2912 incipiant
934 2865 1008 2915 (eae

133 2915 234 2953 inter
252 2928 291 2953 se
309 2929 396 2966 quae
414 2923 504 2953 sunt
529 2916 570 2953 in
594 2929 676 2953 uno
699 2924 789 2954 sunt
807 2923 1009 2966 systemate

134 2975 174 3006 et
191 2981 247 3006 eae
264 2967 363 3007 inter
374 2982 413 3006 se
426 2982 512 3019 quae
525 2968 566 3006 in
580 2970 717 3019 altero)
738 2977 776 3007 et
789 2970 820 3008 si
835 2982 911 3007 non
923 2976 1009 3007 tan-

136 3029 231 3071 gant
249 3034 288 3059 se
306 3021 444 3060 mutuo
462 3034 549 3072 quae
568 3022 609 3059 in
628 3023 762 3060 eodem
782 3030 873 3061 sunt
890 3029 1009 3072 syste-

138 3082 253 3121 mate,
274 3075 356 3128 nisi,
367 3076 406 3112 in
426 3076 631 3114 momentis
648 3075 913 3121 reflexionum,
941 3087 1007 3112 ne-

136 3140 212 3177 que
239 3129 430 3166 attrahant
456 3127 516 3165 vel
543 3130 680 3179 fugant
698 3141 738 3166 se
757 3126 906 3171 mutud,
936 3127 1010 3164 nisi

135 3179 279 3218 viribus
297 3181 619 3220 acceleratricibus
632 3194 719 3231 quae
738 3182 814 3219 sint
831 3188 876 3218 ut
893 3180 1010 3230 parti-

138 3232 313 3271 cularum
344 3234 722 3283 correspondentiam
749 3233 924 3272 diametri
950 3233 1010 3270 in-

138 3284 245 3324 verse
274 3293 313 3324 et
341 3286 526 3335 quadrata
561 3287 807 3325 velocitatum
842 3285 1005 3325 directe:

139 3337 225 3375 dico
242 3338 347 3389 quod
365 3347 612 3387 systematum
625 3339 821 3388 particulae
834 3339 912 3377 illae
926 3351 1011 3387 per-

138 3397 232 3440 gent
247 3390 345 3429 inter
364 3404 404 3429 se
422 3394 656 3441 temporibus
669 3392 1014 3442 proportionalibus

140 3443 315 3481 similiter
340 3444 484 3482 moveri
488 3472 1011 3487 ..............................

1043 3448 1114 3485 191

138 3549 313 3589 PROP.
337 3550 567 3589 XXXIII.
612 3552 840 3592 THEOR.
866 3554 1086 3596 XXVH.-.

88 3619 236 3658 Iisdem
253 3618 395 3667 positis,
412 3619 498 3658 dico
509 3620 612 3670 quod
626 3630 873 3672 systematum
889 3632 1014 3674 partes

141 3671 304 3721 majores
329 3672 558 3711 resistuntur
570 3674 612 3711 in
629 3674 777 3727 ratione
803 3677 1015 3726 composita

143 3735 191 3760 ex
209 3722 404 3772 duplicata
421 3726 569 3764 ratione
595 3727 839 3767 velocitatum
858 3743 1016 3769 suarum

143 3783 183 3812 et
201 3775 394 3825 duplicata
413 3779 559 3817 ratione
586 3779 860 3820 diametrorum
890 3791 929 3821 et
954 3796 1016 3823 ra·

141 3828 247 3868 tione
265 3828 459 3871 densitatis
475 3834 645 3882 partium
662 3841 910 3886 systematum
914 3863 1014 3877 ......
1046 3843 1120 3879 194

1209 416 1378 455 PROP.
1398 415 1615 454 XXXIV.
1652 415 1877 453 THEOR.
1899 416 2122 454 XXVIII.

1183 505 1221 543 Si
1240 504 1379 554 globus
1397 511 1434 541 et
1452 502 1651 553 cylindrus
1675 502 1885 553 aequalibus
1911 502 2107 541 diametris

1232 556 1421 605 descriptI,
1460 557 1501 594 in
1537 555 1666 594 medio
1702 569 1787 593 raro
1823 569 1871 593 ex
1907 557 2105 603 particulis

1231 609 1442 660 aequalibus
1461 618 1497 647 et
1515 610 1564 647 ad
1583 609 1748 659 aequales
1773 611 1821 646 ab
1848 609 2011 647 invicem
2030 609 2107 647 dis-

1231 664 1370 700 tantias
1388 662 1505 701 libere
1524 662 1714 710 dispositis
1732 670 1940 705 constante,
1969 675 2108 700 secun-

1231 715 1326 753 dum
1355 716 1507 766 plagam
1537 716 1619 753 axis
1647 715 1819 764 cylindri,
1851 715 1989 765 aequali
2016 728 2108 753 cum

1231 769 1428 807 velocitate
1439 777 1688 806 moveantur:
1712 769 1782 806 erit
1797 769 2007 806 resistentia
2020 768 2104 819 glo-

1231 822 1270 860 bi
1289 820 1410 871 duplo
1429 822 1556 859 minor
1573 820 1690 872 quam
1705 822 1916 860 resistentia
1929 821 2102 872 cylindri.

1301 929 1474 968 PROP.
1501 928 1689 967 XXXV.
1748 929 1964 968 PROBL.
1990 929 2095 968 VII.

1183 1000 1225 1038 Si
1243 1000 1416 1037 medium
1433 1012 1563 1037 rarum
1583 1013 1629 1038 ex
1649 1001 1845 1049 particulis
1870 1001 2105 1053 quammini-

1232 1053 1305 1089 mis
1319 1053 1601 1103 quiescentibus
1626 1055 1836 1103 aequalibus
1855 1063 1893 1092 et
1912 1055 1960 1092 ad
1979 1068 2108 1106 aequa-

1232 1105 1287 1144 les
1305 1109 1352 1143 ab
1371 1106 1532 1143 invicem
1552 1107 1750 1145 distantias
1777 1107 1894 1146 libere
1918 1108 2108 1156 dispositis

1233 1166 1405 1197 constet:
1446 1160 1619 1197 invenire
1649 1161 1902 1198 resistentiam
1931 1161 2038 1211 globi
2066 1162 2107 1199 in

1234 1212 1306 1249 hoc
1324 1212 1454 1249 medio
1472 1213 1714 1251 uniformiter
1732 1214 2108 1265 progredientis......

1272 1299 1445 1337 PROP.
1471 1300 1687 1338 XXXVI.
1732 1300 1948 1339 PROBL.
1974 1301 2104 1339 VIII.

1188 1372 1313 1420 Aquae
1345 1368 1393 1406 de
1425 1382 1512 1407 vase
1543 1369 1752 1418 cylindrico
1778 1384 1846 1419 per
1863 1371 2034 1409 foramen
2067 1372 2108 1409 in

1235 1422 1360 1460 fundo
1378 1422 1523 1460 factum
1543 1422 1744 1470 effluentis,
1766 1424 1925 1462 definire
1942 1433 2105 1463 motum.

1225 1510 1396 1549 PROP.
1419 1511 1658 1549 XXXVII.
1692 1512 1919 1551 THEOR.
1942 1513 2116 1551 XXIX.

1189 1581 1374 1632 Cylindri,
1395 1581 1462 1631 qni
1480 1581 1520 1618 in
1532 1581 1651 1619 fluido
1669 1595 1884 1630 compresso
1902 1583 2053 1621 infinito
2072 1591 2111 1622 et

1235 1647 1314 1672 non
1324 1635 1477 1672 elastico
1486 1634 1699 1672 secundum
1712 1635 1991 1686 longitudinem
2001 1649 2110 1675 suam

1235 1687 1477 1725 uniformiter
1495 1688 1750 1737 progreditur,
1779 1688 2001 1735 resistentia,
2023 1703 2111 1740 quat

1235 1741 1358 1779 oritur
1369 1754 1391 1778 a
1405 1740 1673 1791 magnitudine
1687 1741 1864 1779 sectionis
1877 1750 2107 1787 transversae,

1238 1802 1294 1832 est
1312 1793 1359 1831 ad
1379 1794 1454 1830 vim
1474 1791 1552 1842 qua
1578 1802 1681 1832 totus
1700 1795 1781 1843 ejus
1800 1803 1939 1841 motus,
1966 1796 2113 1834 interea

1238 1847 1334 1884 dum
1346 1847 1603 1897 quadruplum
1617 1847 1869 1896 longitudinis
1884 1862 1962 1886 suae
1974 1849 2113 1887 descri-

1237 1901 1304 1946 bit,
1325 1899 1385 1937 vel
1403 1900 1486 1937 tolli
1505 1901 1620 1948 possit
1639 1901 1697 1936 vel
1716 1901 1901 1951 generari,
1922 1909 1967 1940 ut
1986 1902 2111 1939 densi-

1238 1961 1296 1991 tas
1326 1953 1444 1990 medii
1470 1953 1518 1990 ad
1546 1954 1773 1991 densitatem
1793 1954 1953 2003 cylindri
1973 1967 2109 2005 quam-

1237 2005 1407 2055 proxime
1409 2033 2111 2049 ........................................

1238 2110 1413 2149 PROP.
1432 2110 1699 2148 XXXVIII.
1730 2111 1959 2151 THEOR.
1979 2113 2130 2153 XXX.

1141 2187 1143 2189 '
1192 2182 1308 2221 Globi
1335 2182 1377 2219 in
1409 2181 1530 2219 fluido
1561 2195 1776 2233 compresso
1807 2184 1959 2223 infinito
1976 2193 2015 2224 et
2033 2198 2113 2223 non

1239 2236 1394 2273 elastico
1412 2236 1654 2273 uniformiter
1680 2238 1969 2288 progredientis,
2002 2239 2113 2276 resis-

1238 2290 1357 2326 tentia
1374 2296 1431 2326 est.
1448 2288 1497 2326 ad
1523 2289 1601 2325 vim
1628 2290 1705 2341 qua
1729 2298 1833 2329 totus
1860 2292 1943 2342 ejus
1970 2300 2111 2339 motuS‚

1237 2354 1315 2392 quo
1334 2350 1504 2390 tempore
1522 2351 1608 2380 octo
1623 2346 1759 2389 ¹tertias
1784 2352 1910 2393 partes
1937 2344 2113 2383 diametri

1238 2408 1319 2432 suae
1338 2395 1526 2441 describit,
1546 2396 1606 2433 vel
1623 2397 1706 2435 tolli
1718 2398 1835 2447 possit.
1848 2397 1909 2435 vel
1923 2399 2109 2449 generari,

1238 2456 1283 2485 ut
1302 2446 1478 2509 'densitas
1513 2448 1623 2487 fluidi
1658 2450 1708 2489 ad
1744 2450 1971 2489 densitatem
2007 2451 2113 2503 globi

1238 2500 1530 2551 quamprox1me
1535 2530 2110 2544 ................................

1249 2600 1422 2638 PROP.
1444 2601 1665 2640 XXXIX.
1701 2602 1927 2642 THEOR.
1953 2604 2130 2643 XXXI.

1191 2669 1323 2716 Globi,
1360 2683 1428 2719 per
1458 2670 1626 2710 fluidum
1661 2672 1704 2710 in
1743 2673 1867 2711 canali
1903 2673 2114 2723 cylindrico

1239 2724 1414 2761 clausum
1433 2731 1472 2762 et
1489 2737 1749 2774 compressum
1766 2726 2010 2765 uniformiter
2028 2739 2114 2776 pro-

1238 2776 1459 2827 gredientis,
1487 2778 1700 2817 resistentia
1719 2787 1775 2818 est
1793 2779 1842 2817 ad
1859 2781 1938 2817 vim
1956 2779 2035 2830 'quii
2053 2788 2112 2818 to-

1238 2837 1303 2868 tus
1320 2830 1401 2880 ejus
1419 2839 1559 2877 motus,
1588 2831 1733 2871 interea
1747 2831 1843 2871 dum
1870 2841 1956 2871 octo
1983 2834 2113 2872 tertias

1237 2890 1363 2932 partes
1389 2883 1572 2922 diametri·
1591 2898 1671 2923 suae
1688 2886 1879 2932 describit,
1907 2886 1967 2924 vel
1993 2899 2113 2938 gene·

1237 2936 1313 2973 rari
1331 2936 1448 2984 possit
1465 2937 1526 2974 vel
1545 2939 1639 2985 tolli,
1668 2940 1709 2976 in
1728 2940 1873 2977 ratione
1900 2952 1987 2989 quae
2006 2952 2112 2978 com·

1239 2989 1395 3036 ponitur
1412 3002 1457 3027 ex
1478 2990 1624 3029 ratione
1642 2992 1776 3030 orificii
1803 2992 1945 3030 canalis
1972 2992 2021 3030 ad
2047 3004 2113 3030 ex-

1238 3053 1389 3079 cessum
1406 3043 1522 3093 hujus
1541 3045 1675 3082 orificii
1694 3058 1808 3094 supra
1821 3045 2025 3083 dimidium
2040 3046 2114 3084 cir-

1239 3094 1318 3131 culi
1349 3095 1509 3132 maximi
1538 3097 1643 3146 globi
1671 3091 1722 3136 et'
1740 3098 1886 3136 ratione
1917 3097 2114 3147 duplicata

1239 3146 1374 3185 orificii
1392 3148 1533 3186 canalis
1551 3150 1600 3188 ad
1619 3163 1816 3189 excessum
1836 3151 1951 3201 hujus
1978 3150 2113 3191 orificii

1239 3199 1356 3248 supra
1387 3202 1575 3239 circulum
1603 3204 1819 3242 maximum
1846 3204 1962 3254 globi,
1996 3212 2034 3242 et
2052 3217 2113 3242 ra-

1238 3253 1344 3291 tione
1361 3253 1558 3315 dens-itatis
1576 3255 1684 3294 fluidi
1699 3256 1749 3295 ad
1762 3256 1989 3295 densitatem
2007 3257 2114 3308 globi

1239 3308 1529 3357 quamproxlme
1539 3336 2113 3351 .................................

1364 3396 1538 3436 PROP.
1564 3398 1661 3436 XL.
1717 3398 1934 3438 PROBL.
1957 3400 2037 3438 IX.

1192 3468 1323 3516 Globi,
1342 3468 1383 3506 in
1401 3469 1530 3508 medio
1548 3469 1776 3510 fluidissimo
1794 3484 2009 3522 compresso
2026 3485 2115 3521 pro·

1241 3521 1461 3573 gredienti&
1481 3522 1652 3562 invenire
1665 3525 1915 3565 resistentiam
1930 3539 1997 3574 per
2010 3527 2114 3574 phae-

2110 261 2216 308 319

2134 385 2198 416 Pag.

2138 825 2211 862 197

2137 1219 2213 1254 208

2138 1429 2212 1464 211

2139 2012 2216 2050 227

2139 2507 2215 2545 235

2142 3315 2218 3350 238

1241 3587 1408 3614 nomena
1414 3602 2112 3618 ........................................
2126 3577 2218 3618 ibid.

1290 3661 1462 3700 PROP.
1489 3662 1610 3702 XLI.
1669 3664 1896 3703 THEOR.
1922 3665 2124 3703 XXXII.

1195 3731 1346 3771 Pressio
1362 3745 1443 3770 non
1460 3742 1693 3784 propagatur
1712 3749 1778 3784 per
1795 3733 1960 3773 fluidum
1979 3748 2116 3773 secun-

1245 3783 1339 3822 dnm
1358 3785 1478 3823 lineas
1495 3795 1625 3830 rectas.
1647 3788 1721 3826 nisi
1735 3789 1802 3827 ubi
1820 3788 2016 3838 particulae
2031 3788 2118 3828 flui-

1248 3837 1287 3875 di
1306 3837 1348 3876 in
1366 3838 1554 3878 directum
1567 3840 1697 3892 jacent
1699 3869 2116 3882 ........................

2146 3844 2225 3881 256
