2502 4192
228 254 329 298 214
763 245 1334 298 PHILOSOPHIAE
1373 246 1826 302 NATURALIS
1902 249 2085 314 [Mo'r.
2116 251 2367 307 CORPoR.

220 415 328 448 non
352 404 522 466 potest
548 395 864 448 descendere
889 395 989 446 nisi
1014 393 1346 462 impediendo
1384 393 1689 445 descensum
1726 413 1874 464 aquae
1912 396 2121 448 alterius
2153 397 2366 450 descen-

220 486 300 536 sui
319 505 414 537 suo
430 485 698 555 aequalem.
758 484 958 536 Eadem
983 483 1059 535 vis
1086 483 1306 534 eandem
1330 500 1479 551 aquae
1505 481 1757 534 effluentis
1776 484 2098 538 velocitatem
2115 506 2365 558 generare

219 577 389 629 debet.

293 667 396 719 Sed
421 666 653 717 foramen
678 666 732 716 in
757 665 921 716 fundo
945 665 1093 727 vasis,
1121 674 1336 733 propter
1362 664 1598 734 obIIquos
1625 677 1797 717 motus
1822 667 2191 735 particularum
2217 687 2365 738 aquae

218 755 489 817 effluentis,
528 753 686 822 paulo
712 755 876 822 majus
904 772 1015 804 esse
1041 753 1196 804 debet
1220 752 1376 822 quam
1401 754 1562 822 prius.
1639 755 1716 823 (¹¹¹)
1746 754 1886 805 Nam
1921 756 2188 823 particulae
2215 775 2366 826 aquae

207 847 319 914 jam
344 863 450 895 non
478 854 748 895 transeunt
772 862 952 894 omnes
989 861 1084 911 per
1109 842 1345 893 foramen
1381 842 1910 910 perpendiculariter3
1950 843 2041 894 sed
2067 863 2098 895 a
2120 844 2365 897 lateribus

216 934 350 985 vasis
377 934 607 1002 undique
633 933 951 983 confluentes
979 942 1030 983 et
1055 932 1109 982 in
1134 931 1367 983 foramen
1406 941 1793 1002 convergentes,
1840 932 2061 1002 obliquis
2098 943 2366 986 transeunt

214 1023 469 1084 motibus3
512 1033 563 1074 et
601 1040 809 1072 cursum
843 1039 997 1077 suum
1034 1020 1277 1071 deorsum
1313 1020 1579 1071 flectentes
1617 1021 1671 1070 in
1705 1039 1890 1071 venam
1921 1040 2070 1090 aquae
2108 1023 2364 1075 exilientis

215 1114 529 1182 conspirant,
577 1129 693 1181 quae
731 1110 914 1162 exilior
952 1120 1029 1162 est
1061 1110 1219 1178 paulo
1257 1109 1393 1160 infra
1431 1110 1664 1161 foramen
1698 1109 1853 1180 quam
1879 1111 1931 1161 in
1957 1112 2069 1180 ipso
2094 1113 2361 1179 foramine,

212 1204 468 1254 existente
506 1203 614 1270 ejus
659 1200 912 1251 diametro
946 1198 1014 1249 ad
1051 1199 1360 1249 diametrum
1383 1198 1648 1249 foraminis
1687 1210 1743 1249 ut
1769 1206 1799 1251 5
1829 1199 1896 1250 ad
1923 1208 1972 1262 6,
2001 1201 2082 1252 vel
2109 1206 2173 1268 5⁷¹2
2203 1204 2269 1254 ad
2295 1208 2362 1271 δὲ

212 1312 368 1362 quam
392 1289 647 1360 proxime,
677 1289 721 1340 si
748 1287 907 1339 modo
934 1288 1210 1339 diametros
1237 1286 1375 1338 recte
1403 1287 1665 1339 dimensus
1692 1306 1824 1339 sum.
1904 1289 2161 1341 Parabam
2190 1294 2364 1362 utique

209 1383 456 1433 laminam
496 1381 707 1449 planam
755 1388 1061 1448 pertenuem
1097 1378 1152 1428 in
1194 1377 1368 1429 medio
1416 1377 1747 1446 perforatam,
1800 1380 2052 1433 existente
2102 1382 2363 1435 circularis

209 1470 475 1521 foraminis
502 1469 754 1520 diametro
779 1468 1006 1536 partium
1033 1467 1260 1537 quinque
1299 1477 1595 1518 octavarum
1633 1467 1796 1538 digiti.

210 1560 483 1621 exilientis,
531 1558 767 1609 cadendo
806 1557 1180 1608 acceleraretur
1218 1566 1270 1606 et
1310 1556 1685 1607 acceleratione
1728 1556 2035 1609 redderetur
2079 1562 2360 1631 angustior,

1875 1468 1945 1520 Et
1969 1488 2035 1521 ne
2060 1490 2191 1522 vena
2216 1492 2365 1542 aquae

208 1651 344 1702 hanc
369 1652 616 1702 laminam
640 1668 748 1700 non
772 1648 936 1699 fundo
957 1647 1049 1699 sed
1074 1647 1224 1698 lateri
1248 1647 1382 1698 vasis
1403 1646 1542 1697 effixi
1569 1647 1657 1708 sic,
1686 1657 1745 1697 ut
1768 1665 1899 1698 vena
1923 1647 2010 1698 illa
2030 1651 2363 1719 egrederetur

209 1742 493 1795 secundum
518 1742 706 1792 lineam
732 1739 989 1790 horizonti
1013 1736 1334 1805 parallelam.
1411 1736 1554 1788 Dein
1581 1736 1671 1787 ubi
1696 1755 1784 1787 vas
1810 1736 1942 1805 aqua
1968 1736 2181 1804 plenum
2208 1751 2357 1803 esset,

208 1834 388 1902 aperui
426 1833 655 1883 foramen
684 1841 741 1882 ut
766 1849 902 1900 aqua
926 1828 1184 1888 efflueret3
1224 1837 1276 1878 et
1300 1844 1448 1879 venae
1474 1826 1740 1889 diameter,
1781 1826 1848 1878 ad
1885 1827 2178 1880 distantiam
2217 1833 2361 1900 quasi

210 1925 412 1976 dimidii
437 1924 586 1995 digiti
612 1943 643 1974 a
667 1921 920 1974 foramine
944 1919 1099 1990 quam
1126 1916 1508 1970 accuratissime
1544 1929 1858 1984 mensurata,
1903 1921 2098 1988 prodiit
2133 1924 2360 1991 partium

207 2014 389 2085 viginti
414 2023 466 2065 et
491 2012 643 2064 unius
671 2010 1183 2082 quadragesimarum
1209 2007 1372 2078 digiti.
1450 2007 1515 2076 (¹¹)
1545 2007 1675 2059 Erat
1699 2008 1857 2079 igitur
1882 2008 2132 2063 diameter
2150 2010 2359 2063 forami-

1100 2190 1254 2230 Clariss.
1313 2190 1536 2229 acceleratio
1554 2190 1695 2238 motus,
1714 2204 1803 2242 quae
1821 2192 2001 2231 omnibus
2018 2194 2199 2246 gravibus
2218 2195 2356 2233 caden-

1313 2245 1415 2282 tibus
1442 2245 1660 2282 communis
1678 2253 1747 2291 est,
1769 2254 1807 2283 et
1825 2245 1903 2296 qua
1921 2247 1965 2284 fit
1984 2255 2028 2286 ut
2045 2248 2168 2298 major
2186 2249 2233 2286 sit
2251 2248 2356 2287 velo-

1313 2299 1407 2335 citas
1424 2309 1535 2348 aquae
1554 2299 1594 2335 in
1613 2299 1697 2336 loco
1716 2299 1885 2337 inferiori
1904 2313 1925 2338 e
1943 2300 1966 2337 f
1978 2300 2093 2350 quam
2109 2302 2148 2338 in
2162 2302 2355 2350 superiore

1314 2351 1351 2388 E
1376 2351 1432 2397 F;
1462 2352 1553 2401 quia
1579 2351 1683 2388 enim
1710 2364 1850 2403 aquam
1878 2367 1958 2391 esse
1977 2354 2016 2390 in
2037 2362 2137 2392 statu
2155 2363 2351 2401 manente,

1312 2404 1550 2454 eandemque
1577 2404 1737 2453 proinde
1758 2405 1873 2457 (271)
1894 2406 1998 2444 illius
2016 2406 2266 2456 quantitatem
2287 2420 2357 2457 per

1313 2458 1498 2495 sectiones
1533 2458 1569 2495 E
1602 2458 1636 2495 F
1662 2465 1701 2496 et
1727 2471 1748 2496 e
1766 2459 1793 2501 f,
1829 2459 1964 2497 eodem
1997 2467 2168 2509 tempore
2197 2460 2356 2499 effluere

1311 2510 1577 2558 supponimus,
1598 2510 1716 2549 sectio
1734 2524 1756 2549 e
1774 2512 1797 2548 f
1809 2520 1865 2550 est
1883 2512 1931 2550 ad
1951 2514 2157 2551 sectionem
2189 2515 2225 2551 E
2252 2515 2285 2552 F
2311 2515 2353 2552 in

1311 2565 1459 2600 ratione
1490 2563 1700 2601 velocitatis
1730 2578 1840 2615 aquae
1872 2566 1912 2602 in
1943 2566 2027 2604 loco
2057 2567 2093 2604 E
2117 2567 2161 2611 F,
2193 2567 2240 2604 ad
2269 2568 2355 2619 ejus

1313 2615 1553 2654 velocitatem
1580 2618 1620 2653 in
1648 2617 1735 2654 loco
1762 2631 1783 2655 e
1801 2618 1823 2655 f
1838 2619 1952 2669 (271)
1973 2628 2011 2657 et
2029 2619 2117 2657 ide&
2144 2620 2262 2658 sectio
2281 2635 2302 2658 e
2319 2622 2348 2665 f,

1312 2669 1457 2707 caeteris
1475 2670 1643 2717 paribus,
1671 2670 1797 2707 minor
1815 2684 1896 2708 esse
1914 2672 2026 2710 debet
2044 2673 2210 2711 sectione
2240 2675 2276 2711 E
2301 2674 2347 2712 F.

1315 2723 1493 2760 Secunda
1511 2723 1780 2761 contractionis
1798 2737 1906 2762 venae
1933 2737 2058 2771 causa,
2091 2739 2208 2776 quam
2228 2728 2350 2765 solam

1310 2776 1374 2813 hic
1403 2775 1617 2814 considerat
1647 2777 1876 2824 Newtonus,
1911 2787 1967 2816 est
1993 2779 2196 2828 obliquitas
2223 2779 2352 2818 motus

1309 2828 1584 2877 particularum
1604 2842 1715 2879 aquae
1726 2843 1793 2878 per
1811 2830 1930 2868 lineas
1951 2832 1983 2868 P
1998 2832 2051 2878 E,
2071 2844 2094 2881 q
2114 2832 2158 2879 F,
2179 2832 2228 2870 ad
2247 2834 2349 2871 fora-

1309 2895 1401 2919 men
1422 2882 1459 2920 E
1480 2882 1512 2919 F
1531 2882 1772 2920 tendentium
1789 2898 1800 2930 ;
1829 2884 1919 2922 hinc
1939 2884 2041 2922 enim
2063 2885 2118 2931 fit,
2139 2894 2183 2923 ut
2202 2885 2350 2925 seclusa

1306 2936 1422 2972 etiam
1442 2936 1549 2972 omni
1567 2936 1839 2974 acceleratione
1859 2937 1989 2975 motfis
2006 2952 2030 2975 a
2047 2938 2234 2988 gravitate
2252 2938 2347 2985 orta,

1305 2989 1503 3036 particulae
1536 3002 1643 3038 aquae
1673 2998 1917 3041 convergant,
1952 3003 2165 3041 venamque
2197 3001 2347 3031 contra-

1304 3041 1410 3087 hant,
1429 3049 1543 3091 atque
1561 3040 1649 3079 ideo
1667 3051 1819 3081 motum
1839 3056 1954 3081 suum
1972 3044 2194 3083 accelerent.

267 2195 333 2247 (m)
367 2198 386 2219 *
420 2198 529 2234 Nam
559 2197 763 2245 particula
800 2207 926 2244 aquae,
968 2193 1038 2230 &c-

214 2249 359 2286 Daniel
396 2249 647 2286 Bernoullius
679 2259 828 2297 paragr.
854 2251 891 2284 5.
928 2246 1027 2283 Sect.
1055 2243 1133 2283 IV.
1168 2245 1259 2293 Hy-

210 2301 495 2350 drodynamicae
507 2303 721 2338 observavit
734 2299 941 2349 particulas
955 2311 1051 2336 cerae
1066 2298 1258 2346 Hispan*-

210 2367 265 2391 cae
284 2354 394 2404 aquis
411 2354 631 2391 innatantes
649 2351 703 2390 ita
722 2366 812 2390 cum
825 2351 925 2402 aqua
939 2352 979 2388 in
995 2364 1083 2388 vase
1098 2351 1254 2395 moveri,

211 2415 254 2444 ut
273 2420 360 2456 quae
381 2407 578 2444 foraminis
597 2415 729 2444 centro
747 2407 779 2444 C
792 2407 1006 2448 imminent,
1028 2417 1096 2453 per
1115 2404 1257 2441 lineam

209 2460 429 2497 verticalem
463 2460 506 2497 H
532 2461 582 2505 G,
616 2459 864 2507 descendant,
896 2458 981 2497 aliae
1008 2456 1098 2496 vero
1126 2469 1260 2494 omnes

1359 3111 1417 3164 (¹¹)
1448 3115 1470 3136 ²*
1502 3114 1606 3151 Erat
1637 3115 1755 3162 igitur
1784 3117 1965 3154 diameter
1985 3117 2202 3168 jbraminis
2232 3118 2348 3168 hujus

1304 3167 1500 3204 circularis
1520 3168 1571 3203 ad
1584 3168 1814 3208 diametrum
1832 3181 1935 3207 venae
1954 3176 2001 3206 ut
2016 3172 2065 3207 25
2083 3172 2135 3207 ad
2149 3174 2193 3207 21
2210 3185 2347 3221 quam-

1297 3217 1481 3267 maxime.
1542 3219 1644 3257 Haec
1676 3221 1773 3257 ratio
1805 3221 1846 3257 in
1875 3221 2143 3269 experimentis
2170 3232 2348 3261 constans

1302 3270 1383 3309 fere
1411 3279 1553 3318 manet,
1583 3272 1614 3309 si
1633 3285 1733 3322 aqua
1751 3286 1772 3310 e
1791 3286 1878 3311 vase
1896 3275 1986 3311 satis
2013 3275 2142 3323 amplo
2170 3289 2236 3324 per
2264 3276 2344 3313 exi-

1303 3336 1429 3374 guum
1456 3325 1631 3362 foramen
1662 3325 1817 3363 laminae
1849 3327 2083 3364 tenuissimae
2110 3328 2348 3377 insculptum

1306 3377 1450 3423 effluat,
1479 3377 1569 3415 licet
1586 3379 1627 3414 in
1646 3391 1733 3415 vase
1757 3387 1929 3417 mutetur
1954 3393 2064 3431 aquae
2082 3381 2261 3418 foramini
2288 3382 2347 3420 in-

1306 3431 1523 3468 cumbentis
1541 3430 1717 3469 altitudo.
1779 3433 2056 3481 Experimenta
2074 3434 2140 3471 illa
2160 3435 2345 3472 iterarunt

1305 3483 1541 3521 celeberrimi
1559 3485 1832 3532 mathematici,
1863 3486 2041 3523 Mar-chio
2063 3487 2233 3525 Polenus
2253 3487 2342 3525 Lib.

206 3537 389 3588 utrinque
414 3534 549 3585 positae
575 3540 685 3572 motu
712 3534 792 3572 fere
819 3534 986 3573 verticali
1018 3536 1252 3577 descendant

206 3591 379 3640 primum
410 3602 479 3638 per
510 3588 631 3625 lineas
658 3599 698 3624 m
716 3600 753 3635 p,
784 3601 811 3625 n
830 3600 866 3638 q,
895 3588 976 3626 sere
1004 3590 1052 3627 ad
1080 3591 1250 3629 fundum

206 3656 329 3694 usque
353 3644 385 3682 C
409 3644 463 3689 D,
491 3649 653 3690 tumque
680 3652 837 3677 cursum
862 3654 977 3679 suum
997 3656 1127 3681 versus
1146 3644 1247 3682 fora-

206 3709 298 3734 men
319 3697 357 3735 E
381 3697 414 3734 F
427 3708 494 3745 per
508 3695 628 3732 lineas
652 3693 684 3731 P
706 3692 757 3738 E,
778 3705 801 3742 q
825 3693 857 3730 F
876 3696 1016 3732 sensim
1036 3696 1244 3735 inflectant.

212 3749 350 3800 Itaque
368 3762 466 3787 vena
492 3760 603 3798 aquae
630 3746 821 3784 exilientis
842 3747 878 3783 E
902 3747 935 3784 F
955 3748 1010 3785 fe
1028 3748 1173 3797 duplici
1201 3750 1249 3787 de

209 3802 324 3840 causa
342 3801 579 3845 contrahitur
605 3812 727 3850 usque
752 3799 792 3835 in
812 3812 834 3835 e
852 3799 874 3836 f
887 3800 1003 3847 paulo
1022 3802 1123 3839 infra
1149 3803 1249 3840 fora·

208 3867 300 3892 men
321 3856 359 3893 E
383 3856 426 3893 F.
490 3854 621 3893 Prima
649 3851 919 3895 contractionis
936 3852 1042 3891 illius
1061 3867 1178 3894 causa
1194 3862 1252 3894 est

1306 3535 1354 3573 de
1391 3537 1566 3575 Castellis
1596 3545 1634 3575 et
1665 3538 1807 3576 Daniel
1842 3539 2091 3577 Bernoullius
2130 3541 2226 3577 Sect.
2264 3540 2340 3577 IV.

1308 3589 1677 3639 Hydrodynamicae.
1724 3591 1827 3630 Haec
1841 3600 1931 3629 sunt
1950 3592 2085 3629 illustr.
2108 3592 2346 3631 Mar-chionis

1304 3644 1418 3680 verba
1435 3656 1522 3693 pag.
1542 3647 1608 3681 58.
1625 3649 1690 3684 59.
1726 3649 1751 3668 “
1775 3645 1948 3683 Proclive
1966 3654 2094 3681 autem
2115 3645 2185 3682 erit
2204 3645 2345 3682 intelli-

1303 3708 1405 3745 gere,
1428 3695 1645 3734 confirmari
1664 3710 1711 3734 ex
1730 3697 1854 3735 allatis
1872 3697 2140 3746 experimentis
2158 3699 2345 3736 rationem

1304 3748 1406 3785 inter
1436 3748 1641 3787 diametros
1668 3750 1902 3788 foraminum
1930 3758 1968 3788 et
1999 3763 2110 3800 aquae
2142 3758 2345 3789 contractae

1306 3800 1511 3839 diametros
1542 3815 1566 3840 a
1595 3802 1676 3839 viro
1707 3816 1862 3842 summo
1892 3803 2027 3840 lsaaco
2067 3804 2270 3846 Newtono,
2300 3810 2347 3841 ut

1304 3853 1393 3893 ante
1412 3853 1592 3901 diximus,
1622 3855 1879 3895 constitutam.
1940 3855 2033 3895 Non
2052 3863 2182 3895 tamen
2199 3857 2346 3898 inficias
