2502 4192
164 249 349 302 an
378 222 650 313 smum]
705 247 1108 301 PRINCIPIA
1148 246 1766 300 MATHEMATICA.
2203 257 2306 302 303

163 396 276 458 tias,
316 395 421 446 sive
446 404 505 446 ut
529 393 888 445 translationes
910 392 1102 445 directe
1128 402 1180 444 et
1205 392 1460 444 distantiae
1486 390 1685 459 inverse
1700 412 1714 453 3
1752 390 1854 442 hoc
1887 401 1978 453 est,
2017 393 2305 461 conjunctis

159 487 442 537 rationibus
490 496 549 537 ut
598 487 717 537 cubi
764 486 1122 538 distantiarum
1163 483 1380 535 inverse.
1458 483 1636 545 Quare
1686 483 1728 533 si
1772 482 1839 533 ad
1886 493 2041 533 rectae
2089 484 2304 535 infinitae

164 575 201 626 S
229 575 280 625 A
308 575 354 626 B
384 574 428 625 C
454 574 509 626 D
540 575 586 626 E
615 575 669 635 Q
704 585 877 642 partes
914 574 1139 644 singulas
1178 573 1442 643 erigantur
1478 572 1850 640 perpendicula
1877 572 1929 623 A
1953 591 1998 635 a,
2029 573 2075 623 B
2101 573 2152 635 b,
2185 575 2229 625 C
2256 592 2300 637 e,

160 664 217 716 D
242 663 294 727 d,
334 664 381 715 E
407 683 452 727 e,
493 666 587 716 &c.
634 664 863 732 ipsarum
910 664 946 715 S
974 664 1040 725 A,
1072 664 1109 715 S
1137 662 1200 724 Β,
1232 663 1269 714 S
1297 662 1357 724 C,
1390 663 1426 713 S
1454 662 1526 723 D,
1558 662 1595 713 S
1623 661 1686 724 E,
1715 662 1809 713 &a
1855 661 1998 712 cubis
2041 661 2305 730 reciproce

157 753 578 822 proportionalia,
607 763 760 804 erunt
785 770 1000 819 summae
1020 751 1441 812 differentiarum,
1470 749 1571 800 hoc
1587 760 1680 812 est,
1708 759 1880 800 motus
1897 750 1992 800 toti
2009 751 2299 821 angulareS,

162 857 217 895 ut
242 845 613 912 respondentes
640 862 855 895 summae
881 844 1134 894 linearum
1169 843 1219 892 A
1246 861 1291 904 a,
1323 841 1369 892 B
1394 841 1446 903 b,
1478 841 1523 892 C
1549 858 1592 903 c,
1622 840 1677 892 D
1704 840 1755 903 d,
1786 840 1833 891 E
1859 858 1915 890 e:
1954 840 2009 891 id
2034 851 2111 892 est
2147 842 2210 910 (si
2235 841 2303 893 ad

160 937 574 988 constituendum
600 936 828 988 medium
853 935 1176 985 uniformiter
1198 932 1433 994 fluidum,
1473 949 1718 981 numerus
1746 930 1949 981 orbium
1974 942 2225 1002 augeatur
2249 942 2303 984 et

159 1028 377 1080 latitudo
402 1030 665 1081 minuatur
689 1030 743 1079 in
768 1025 1050 1090 infinitum)
1091 1036 1147 1076 ut
1173 1042 1307 1076 areae
1331 1022 1682 1092 hyperbolicae
1707 1021 1788 1072 his
1815 1022 2026 1073 summis
2067 1023 2300 1093 analogae

161 1120 208 1168 A
236 1137 268 1168 a
294 1118 362 1181 Q,
394 1119 441 1170 B
466 1119 501 1170 b
529 1119 598 1181 Q,
631 1119 675 1170 C
702 1136 729 1168 c
758 1117 827 1179 Q,
852 1118 907 1169 D
935 1116 970 1166 d
998 1115 1067 1177 Q,
1098 1115 1145 1166 E
1170 1133 1199 1165 e
1227 1114 1297 1176 Q,
1326 1115 1420 1165 διο.
1498 1113 1568 1164 Et
1592 1123 1827 1180 tempora
1858 1113 2121 1181 periodica
2146 1117 2298 1168 moti-

158 1206 255 1257 bus
282 1207 614 1277 angularibus
641 1204 903 1274 reciproce
939 1202 1346 1272 proportionalia
1383 1211 1536 1253 erunt
1571 1202 1726 1252 etiam
1762 1201 1842 1253 his
1880 1203 2010 1253 areis
2037 1205 2300 1274 reciproce

157 1299 579 1365 proportionalia.
655 1298 753 1349 Est
795 1296 955 1367 igitur
997 1305 1200 1363 tempus
1249 1293 1574 1362 periodicum
1626 1292 1765 1343 orbis
1815 1293 2036 1360 cujusvis
2085 1295 2141 1347 D
2181 1297 2207 1348 I
2249 1297 2299 1348 O

158 1387 422 1454 reciproce
470 1398 528 1439 ut
570 1406 688 1439 area
727 1387 783 1439 D
820 1386 856 1436 d
895 1385 964 1447 Q,
1015 1385 1116 1435 hoc
1156 1394 1247 1447 est,
1298 1401 1393 1452 per
1438 1393 1587 1434 notas
1627 1400 1902 1433 curvarum
1943 1385 2295 1452 quadraturaS,

160 1480 222 1546 (⁰)
252 1477 445 1530 directe
468 1489 526 1530 ut
551 1478 858 1549 quadratum
884 1476 1140 1528 distantiae
1169 1477 1206 1528 S
1232 1476 1304 1527 D.

160 1576 338 1618 strare.

234 1653 297 1722 (⁴1)
329 1655 440 1706 Cas.
469 1660 518 1705 2.
572 1654 623 1705 A
649 1663 827 1705 centro
864 1652 1082 1721 sphaerae
1114 1652 1374 1703 *ducantur
1409 1652 1625 1703 infinitae
1661 1662 1817 1704 rectae
1853 1652 2008 1721 quam
2039 1656 2295 1723 plurimae,

1381 1475 1445 1544 (P)
1476 1474 1538 1526 Id
1564 1474 1704 1545 quod
1729 1474 1868 1526 volui
1886 1476 2057 1543 prime
2083 1477 2298 1530 demon·

161 1763 277 1814 quae
304 1764 420 1796 cum
455 1763 552 1796 axe
589 1745 736 1796 datos
764 1744 1059 1795 contineant
1096 1743 1327 1814 angulos,
1373 1743 1655 1813 aequalibus
1693 1741 1990 1795 differentiis
2027 1762 2082 1795 se
2119 1755 2300 1796 mutuo

216 1929 271 1979 (⁰)
303 1932 324 1953 ¹*
346 1929 501 1969 Directe
530 1938 574 1968 ut
610 1933 846 1981 quadratum
877 1930 1067 1968 distantiae
1098 1932 1126 1968 S
1142 1927 1198 1969 D.

165 1982 280 2020 Areae
316 1983 356 2020 D
385 1983 409 2019 d
443 1985 482 2027 Q
512 1991 755 2020 momentum
792 1991 849 2020 est
889 1983 929 2020 D
958 1982 983 2019 d
1005 1988 1046 2028 Χ
1076 1983 1116 2020 D
1148 1983 1198 2028 E,

160 2033 336 2084 ideoque,
365 2038 414 2073 ob
441 2035 654 2073 ordinatam
678 2037 719 2074 D
738 2035 764 2073 d
784 2038 883 2074 cubo
910 2035 1083 2073 abscissae
1114 2035 1139 2072 S
1163 2037 1203 2073 D

1255 1937 1421 1981 quatuor
1438 1930 1510 1970 sibi
1528 1930 1745 1983 contiguos,
1774 1945 1902 1971 unum
1929 1932 2152 1971 interiorem
2172 1943 2217 1970 ex
2236 1945 2296 1970 re-

1256 1985 1455 2023 volutione
1474 1986 1611 2036 figurae
1631 1999 1670 2023 m
1686 2000 1709 2024 a
1722 1987 1749 2024 d
1768 1999 1806 2030 n,
1829 1988 1990 2024 alterum
2012 1987 2236 2024 exteriorem
2249 1999 2297 2023 ex

1258 2039 1499 2076 revolutione
1517 2039 1655 2089 figurae
1672 2042 1699 2077 b
1718 2052 1739 2076 e
1756 2039 1778 2076 f
1792 2053 1824 2085 c,
1858 2048 1896 2077 et
1924 2040 2023 2078 duos
2049 2040 2222 2077 laterales
2250 2051 2296 2077 ex

161 2087 364 2137 reciproce·
384 2089 723 2138 proportionalem,
750 2096 993 2126 momentum
1021 2087 1120 2126 illud
1147 2096 1204 2127 est
1258 2091 1497 2129 revolutione
1529 2093 1745 2141 figurarum
1776 2092 1802 2130 k
1821 2095 1846 2130 b
1863 2106 1887 2130 a
1904 2093 1918 2129 l
1937 2101 1975 2131 et
1992 2106 2014 2131 c
2033 2106 2061 2143 g
2078 2095 2102 2130 h
2122 2093 2160 2130 d.
2224 2094 2298 2130 At„-

248 2158 288 2194 D
305 2158 341 2194 E
1256 2145 1351 2182 tritu
1382 2145 1574 2183 interioris
1601 2154 1640 2183 et
1666 2146 1863 2184 exterioris
1890 2158 1967 2184 non
1988 2154 2112 2194 potest
2130 2146 2297 2183 annulus

163 2197 208 2227 ut
234 2224 260 2260 S
283 2224 322 2261 D
341 2217 371 2251 3,
406 2196 446 2227 et
471 2196 670 2238 propterea
700 2192 786 2242 (Pffl'
817 2189 903 2227 cas·
924 2192 961 2226 4·
996 2187 1108 2226 Lem·
1135 2188 1197 2226 ῙῘ·
1255 2198 1523 2248 unusquisque
1541 2199 1616 2236 nisi
1635 2199 1676 2236 in
1694 2207 1805 2236 motu
1819 2199 1932 2249 juxta
1946 2200 2071 2250 legem
2092 2199 2201 2238 cassis
2220 2199 2296 2248 pri-

1110 2277 1126 2311 1
1255 2251 1310 2288 mi
1329 2251 1444 2296 facto,
1465 2251 1661 2302 aequaliter
1679 2261 1717 2290 et
1734 2252 1775 2289 in
1794 2260 1920 2300 partes
1934 2253 2139 2289 contrarias
2151 2253 2294 2302 urgeri.

165 2307 278 2345 Libri
308 2307 444 2359 hujus)
478 2321 565 2346 area
592 2307 717 2345 fluens
738 2308 779 2345 D
797 2306 824 2345 d
847 2307 886 2351 Q
904 2314 962 2345 est
980 2314 1024 2345 ut
1258 2303 1447 2355 Alioquin
1464 2313 1590 2355 partes
1607 2304 1717 2343 fluidi
1730 2318 1811 2345 non
1829 2315 2112 2355 perseverarent
2129 2306 2169 2343 in
2185 2313 2294 2343 motu

1063 2345 1069 2354 ι
1164 2335 1196 2364 2,

164 2406 252 2443 quae
279 2394 457 2445 negativa
482 2394 621 2443 prodit,
651 2392 742 2444 quia
758 2406 838 2431 non
857 2392 1005 2445 adjacet
1028 2341 1202 2452 azsgDissae

168 2447 210 2484 D
234 2448 271 2492 S,
306 2448 373 2485 sed
404 2448 446 2484 in
474 2447 629 2499 plagam
660 2446 889 2485 contrariam
922 2447 962 2484 D
993 2447 1033 2492 Q
1062 2451 1195 2497 vergit.

169 2500 245 2538 Est
279 2501 399 2551 igitur
433 2508 587 2550 tempus
621 2499 859 2550 periodicum
895 2500 997 2538 orbis
1033 2499 1201 2551 cujusvis

169 2585 211 2623 D
234 2586 257 2624 Ι
280 2586 318 2624 O
337 2584 529 2635 reciproce
547 2594 593 2624 ut
784 2587 859 2624 hoc
886 2592 956 2633 est,
989 2583 1131 2624 directe
1157 2592 1202 2624 ut

669 2558 686 2591 1

614 2621 641 2657 S
663 2620 703 2657 D
724 2613 756 2642 ²²

167 2671 398 2721 quadratum
416 2671 607 2711 distantiae
629 2673 656 2711 S
677 2673 731 2711 D.

223 2742 280 2794 (Ρ)
303 2745 323 2767 ²*
347 2746 397 2782 Id
416 2745 515 2793 quod
533 2745 633 2782 volui
652 2741 779 2793 prime
799 2746 1068 2783 demonstrare.
1127 2743 1203 2781 Ca-

167 2795 233 2834 sfis
250 2796 364 2844 primi
382 2795 656 2834 demonstratio
675 2797 783 2840 valet,
803 2796 836 2834 si
853 2797 1027 2834 medium
1046 2797 1203 2845 sphaerae

168 2848 448 2887 circumfusum
475 2860 521 2886 ex
549 2849 761 2887 innumeris
787 2850 942 2887 orbibus
974 2849 1116 2896 solidis,
1145 2857 1202 2887 te-

169 2901 365 2939 nuissimis
382 2914 426 2939 ac
445 2902 693 2940 concentricis
720 2910 894 2940 constare
911 2902 1091 2953 fingatur.
1150 2902 1203 2939 In

170 2955 321 2994 casibus
338 2955 508 2992 secundo
526 2961 565 2992 et
581 2955 693 2993 tertio
711 2955 855 3006 singuli
875 2955 932 2992 illi
951 2958 1060 2993 orbes
1078 2956 1203 3005 sphae-

167 3007 237 3045 rici
257 3008 298 3044 in
317 3008 539 3045 innumeros
566 3008 742 3053 annulos,
776 3016 815 3045 et
838 3008 973 3045 annuli
992 3008 1135 3058 singuli
1161 3008 1205 3044 in

170 3061 415 3099 tenuissimas
452 3060 667 3109 particulas,
704 3060 754 3100 ad
784 3061 1096 3099 constituendum
1122 3073 1204 3098 me-

171 3113 282 3152 dium
300 3113 477 3159 fluidum,
499 3114 736 3155 dividuntur.

226 3184 283 3237 (¹¹)
306 3187 328 3209 *
351 3188 433 3225 Cas.
456 3189 493 3223 2.
541 3185 579 3223 A
611 3192 742 3224 centro
773 3186 930 3234 sphaerae
962 3187 988 3224 S
1016 3185 1206 3224 ducantur

172 3246 287 3276 rectae
304 3251 420 3289 quam
442 3238 631 3287 plurimae,
661 3238 906 3289 longitudine
932 3238 1095 3276 infinitae
1117 3239 1143 3276 S
1160 3239 1201 3285 k,

177 3293 204 3329 S
221 3292 259 3337 b,
283 3291 310 3329 S
327 3304 361 3337 c,
385 3291 411 3329 S
429 3304 467 3342 g,
496 3292 582 3337 &c.,
602 3304 688 3341 quae
707 3290 871 3341 aequales
888 3292 1053 3342 angulos
1070 3291 1097 3328 k
1119 3292 1146 3329 S
1163 3293 1201 3338 b,

172 3345 199 3381 b
221 3345 247 3382 S
265 3357 299 3390 c,
327 3356 349 3381 c
371 3345 450 3394 Sg,
483 3345 554 3382 διο.
578 3345 903 3394 complectantur;
937 3353 976 3382 et
1005 3344 1065 3381 his
1094 3345 1206 3382 rectis

174 3396 275 3435 circa
293 3409 403 3435 axem
429 3397 464 3434 P
484 3397 526 3436 X
545 3398 728 3435 revolutis
754 3406 793 3435 et
819 3397 1039 3446 superficies
1056 3397 1207 3435 conicas

1259 3352 1331 3378 suo
1361 3338 1615 3386 uniformiter,
1646 3338 1713 3378 sed
1744 3339 1994 3378 intermedius
2025 3340 2098 3379 iste
2125 3342 2293 3380 annulus

1263 3397 1413 3444 (contra
1433 3393 1566 3442 Hyp.)
1587 3393 1628 3429 in
1647 3400 1756 3430 motu
1776 3405 1847 3430 suo
1863 3394 2138 3432 acceleraretur
2156 3395 2215 3432 vel
2234 3409 2294 3433 re-

174 3449 486 3497 describentibus,
514 3451 672 3499 concipe
700 3452 810 3489 orbes
836 3451 878 3487 in
905 3450 1071 3488 annulos
1087 3448 1203 3487 innu-

174 3515 301 3541 meros
330 3504 457 3541 secari.
512 3504 617 3541 Nam
647 3502 738 3542 cum
770 3503 989 3552 superficies
1023 3503 1058 3541 P
1075 3503 1099 3540 f
1119 3516 1141 3540 e
1161 3503 1205 3541 X

174 3556 275 3594 circa
299 3569 410 3593 axem
441 3556 477 3594 P
498 3557 538 3594 X
568 3557 784 3602 revolvitur,
817 3556 962 3606 singuli
994 3568 1105 3594 arcus
1122 3556 1149 3592 k
1167 3558 1204 3599 b,

174 3609 202 3646 b
218 3621 252 3654 c,
284 3622 306 3647 c
324 3622 362 3660 g,
397 3622 419 3648 e
435 3610 464 3655 f,
486 3623 507 3647 a
536 3610 562 3656 l,
594 3612 663 3647 &c.
700 3610 892 3658 portiones
919 3608 1207 3658 superficierum

177 3662 448 3710 sphaericarum
477 3663 681 3713 annulares
708 3663 938 3705 describunt,
969 3670 1007 3699 et
1024 3662 1211 3710 particula

176 3714 357 3764 quaelibet
375 3724 419 3754 ut
436 3718 461 3754 b
479 3729 500 3753 c
518 3715 545 3753 d
563 3730 596 3760 a,
624 3715 802 3753 describit
819 3715 1007 3753 annulum
1028 3715 1206 3752 solidum.

182 3768 367 3805 Ammius
397 3770 673 3820 unusquisque,
705 3775 750 3805 ut
780 3768 857 3808 ille*
876 3769 943 3818 qui
970 3767 1206 3805 revolutione

177 3820 392 3871 superficiei
418 3835 441 3861 a
458 3824 484 3860 b
501 3835 522 3861 c
540 3823 567 3861 d
593 3821 829 3866 describitur,
860 3820 1013 3860 habebit
1043 3821 1207 3860 annulos

1258 3446 1483 3490 tardaretur,
1513 3454 1559 3483 ut
1576 3445 1624 3483 de
1641 3445 1797 3484 orbibus
1826 3447 1985 3497 integris
2013 3456 2210 3485 ostensum
2237 3457 2295 3487 est

1258 3500 1300 3536 in
1319 3511 1407 3536 casu
1427 3499 1564 3547 primo.
1624 3501 1681 3537 Et
1703 3508 1900 3549 propterea
1918 3504 2154 3539 annulorum
2182 3505 2293 3541 series

1261 3554 1432 3602 quenlibet
1456 3566 1481 3589 a
1504 3554 1608 3601 globo
1641 3554 1683 3590 in
1712 3555 1908 3606 infinitum
1939 3561 2040 3591 recta
2067 3568 2228 3603 pergens
2257 3563 2297 3593 et

1261 3607 1360 3643 inter
1386 3604 1481 3642 duas
1508 3604 1700 3652 proximas
1718 3608 1935 3655 superficies
1953 3608 2103 3644 conicas
2121 3620 2294 3656 compre·

1265 3660 1392 3700 hensa.
1423 3659 1550 3708 qualis
1568 3665 1625 3695 est
1642 3659 1756 3696 series
1772 3660 2007 3697 annulorum
2036 3672 2132 3709 quos
2159 3660 2296 3709 figurae

1265 3710 1450 3756 madn,
1471 3710 1797 3757 abcd,befc,
1831 3714 1900 3750 ἃς.
1937 3712 2038 3749 circa
2061 3725 2172 3750 axem
2199 3714 2230 3750 P
2252 3714 2295 3751 X

1260 3772 1393 3802 rotatae
1403 3764 1635 3813 describunt,
1650 3767 1853 3804 movebitur
1862 3780 1933 3816 pro
1951 3767 2028 3815 lege
2042 3765 2151 3805 cassis
2163 3768 2293 3816 primi,

1259 3819 1343 3865 nisi,
1363 3819 1432 3856 &c-
