2502 4192
161 278 644 342 L1BERSEcuNn.]
698 277 1101 330 PRINCIPIA
1141 275 1762 328 MATHEMATICA.
2197 284 2300 330 255

160 419 316 489 quam
353 420 521 491 figura
558 420 778 490 cylindri
814 421 993 472 eadem
1036 421 1288 472 diametro
1330 420 1589 488 descripti.
1669 420 1734 471 In
1776 419 2002 471 motibus
2041 420 2302 472 velocibus

160 509 445 560 resistentia
470 519 642 577 potest
667 529 778 561 esse
802 509 959 579 paulo
985 512 1165 580 major,
1201 520 1474 579 propterea
1501 509 1640 579 quod
1667 509 1938 561 elasticitas
1965 518 2016 561 et
2041 528 2302 578 compres-

160 603 235 654 sio
259 602 405 653 fluidi
448 604 511 671 (¹¹)
540 622 645 653 non
684 613 968 673 augeantur
998 604 1053 653 in
1086 602 1345 671 duplicata
1383 603 1582 654 ratione
1619 601 1918 654 velocitatis.
1996 600 2102 654 Sed
2125 601 2303 671 hujus-

159 691 301 743 modi
326 693 569 743 minutias
596 693 682 744 hic
706 712 813 744 non
839 693 1097 761 expendo.

231 782 300 833 Et
327 782 558 851 quamvis
585 786 687 843 a‘er,
716 801 865 852 aqua,
894 792 1166 852 argentum
1190 781 1364 832 vivum
1389 781 1651 854 etsimilia
1675 781 1850 844 fluida,
1877 799 1973 850 per
1997 779 2303 832 divisionem

153 872 378 939 partium
405 872 458 922 in
485 871 759 934 infinitum,
788 870 1174 923 subtiliarentur
1199 880 1251 922 et
1269 871 1453 922 fierent
1478 870 1648 921 media
1672 870 1872 922 infinite
1897 869 2086 931 fluida;
2125 877 2301 935 tamen

154 960 321 1030 globis
347 961 589 1029 projectis
615 959 757 1010 haud
781 960 953 1010 minus
979 959 1289 1010 resisterent.
1370 959 1511 1010 Nam
1547 958 1849 1022 resistentia,
1892 959 1958 1010 de
1996 956 2095 1028 qua
2130 957 2302 1028 agitur

154 1051 206 1101 in
245 1052 693 1120 Propositionibus
731 1051 1165 1120 praecedentibus,
1211 1051 1375 1101 oritur
1409 1051 1475 1101 ab
1508 1049 1692 1101 inertia
1727 1049 1988 1111 materiae3
2028 1059 2079 1101 et
2115 1048 2300 1099 inertia

153 1143 381 1194 materiae
420 1143 723 1211 corporibus
756 1141 1038 1194 essentialis
1066 1151 1142 1193 est
1178 1151 1229 1193 et
1267 1141 1538 1211 quantitati
1574 1140 1803 1191 materiae
1843 1158 2045 1208 semper
2080 1157 2299 1207 propor-

153 1232 371 1283 tionalis.
451 1233 553 1284 Per
579 1232 885 1284 divisionem
909 1231 1137 1300 partium
1161 1230 1324 1293 fluidi,
1353 1230 1641 1282 resistentia
1660 1247 1776 1299 quae
1798 1229 1961 1280 oritur
1980 1247 2011 1279 a
2026 1228 2299 1279 tenacitate

152 1332 204 1373 et
228 1321 466 1374 frictione
502 1323 730 1391 partium
768 1322 986 1374 diminui
1025 1322 1234 1392 quidem
1269 1330 1469 1390 potest:
1516 1321 1605 1373 sed
1648 1321 1903 1391 quantitas
1940 1319 2169 1371 materiae
2206 1336 2301 1386 per

152 1410 457 1461 divisionem
493 1412 719 1480 partium
746 1412 854 1481 ejus
880 1430 988 1462 non
1014 1411 1319 1462 diminuitur
1334 1430 1347 1471 ;
1387 1420 1438 1461 et
1462 1422 1702 1461 manente
1740 1410 2025 1480 quantitate
2051 1408 2296 1470 materiae,

151 1509 326 1550 manet
352 1501 460 1568 ejus
487 1501 563 1551 vis
589 1499 804 1563 inertiae,
845 1501 928 1551 cui
952 1498 1258 1561 resistentia,
1288 1498 1352 1550 de
1379 1497 1479 1568 qua
1504 1498 1589 1549 hic
1614 1498 1799 1569 agitur,
1841 1515 2043 1565 semper
2079 1514 2299 1565 propor-

150 1593 355 1643 tionalis
382 1602 474 1644 est.
553 1593 631 1645 Ut
655 1593 770 1643 haec
794 1592 1084 1644 resistentia
1108 1591 1444 1653 diminuatur,
1474 1589 1694 1641 diminui
1720 1590 1877 1641 debet
1903 1588 2163 1658 quantitas
2189 1606 2299 1638 ma-

150 1682 293 1733 teriae
318 1682 372 1732 in
397 1681 573 1750 spatiis
599 1701 695 1751 per
720 1699 837 1752 quae
864 1700 1084 1750 corpora
1108 1690 1396 1732 moventur.
1463 1681 1534 1732 Et
1557 1678 1835 1749 propterea
1860 1680 2026 1748 spatia
2052 1679 2297 1741 coelestia,

149 1788 246 1838 per
271 1788 387 1839 quae
413 1771 556 1841 globi
581 1770 908 1838 planetarum
933 1780 985 1821 et
1010 1781 1328 1821 cometarum
1353 1770 1408 1820 in
1433 1787 1614 1821 omnes
1633 1779 1807 1838 partes
1828 1767 2090 1821 liberrime
2116 1778 2166 1819 et
2192 1768 2302 1819 sine

152 1859 294 1909 omni
334 1870 512 1910 motus
555 1859 898 1912 diminutione
936 1859 1164 1910 sensibili
1188 1867 1442 1927 perpetuo
1478 1867 1769 1920 moventur,
1811 1857 1973 1909 fluido
2007 1857 2148 1908 omni
2186 1874 2300 1907 cor-

152 1966 317 2016 poreo
342 1948 708 2012 destituuntur,
737 1948 780 2000 si
804 1947 936 1999 forte
961 1965 1176 2016 vapores
1200 1946 1356 2017 longe
1376 1946 1701 1998 tenuissimos
1727 1957 1778 1998 et
1804 1948 2041 2016 trajectos
2065 1945 2192 1996 lucis
2218 1963 2300 1996 ra-

151 2036 264 2087 dios
291 2036 539 2105 excipias.

224 2125 519 2196 Projectilia
553 2127 733 2197 utique
771 2135 970 2179 motum
1008 2127 1145 2179 cient
1178 2127 1231 2178 in
1268 2125 1439 2179 fluidis
1476 2125 1877 2198 progrediendO,
1920 2133 1972 2178 et
2006 2124 2091 2175 hic
2128 2133 2300 2176 motus

150 2217 315 2268 oritur
339 2218 405 2269 ab
431 2236 644 2270 excessu
668 2217 949 2286 pressionis
974 2217 1122 2269 fluidi
1149 2217 1216 2269 ad
1240 2217 1522 2286 projectilis
1548 2227 1720 2286 partes
1747 2217 1944 2268 anticas
1971 2233 2129 2283 supra
2153 2232 2299 2282 pres-

151 2305 347 2357 sionem
375 2306 442 2357 ad
468 2307 575 2376 ejus
599 2318 772 2377 partes
798 2311 1036 2378 posticaS‚
1075 2322 1126 2363 et
1151 2330 1257 2363 non
1282 2312 1453 2363 minor
1478 2331 1590 2363 esse
1614 2321 1785 2380 potest
1809 2312 1860 2362 in
1888 2310 2071 2362 mediis
2097 2309 2300 2360 infinite

148 2393 319 2445 fluidis
346 2413 499 2464 quam
527 2396 581 2446 in
606 2399 741 2459 a'ere,
771 2396 903 2467 aqua
921 2408 973 2450 et
998 2410 1214 2470 argento
1240 2400 1356 2451 vivo
1381 2418 1479 2467 pro
1504 2399 1757 2451 densitate
1784 2398 2015 2450 materiae
2041 2398 2095 2448 in
2121 2397 2298 2467 singu-·

149 2481 230 2533 lis.
272 2482 382 2533 Hic
403 2493 575 2535 autem
591 2485 871 2553 pressionis
892 2505 1148 2551 excessuS‚
1176 2506 1274 2557 pro
1303 2489 1586 2557 quantitate
1613 2488 1721 2551 sua,
1742 2506 1849 2539 non
1875 2498 2075 2539 tantum
2099 2495 2300 2537 motum

151 2570 251 2621 ciet
275 2569 329 2620 in
353 2570 531 2634 fluido,
562 2572 623 2640 (⁰)
651 2573 743 2624 sed
769 2573 923 2625 etiam
949 2575 1055 2646 agit
1079 2576 1133 2625 in
1157 2576 1424 2644 projectile
1450 2575 1516 2626 ad
1542 2585 1741 2626 motum
1766 2577 1874 2644 ejus
1901 2572 2296 2626 retardandum:

151 2670 203 2713 et
220 2672 497 2731 propterea
522 2665 811 2717 resistentia
825 2667 879 2717 in
899 2667 1042 2718 omni
1059 2667 1222 2718 fluido
1248 2677 1325 2718 est
1350 2676 1408 2718 ut
1432 2677 1602 2718 motus
1621 2667 1675 2717 in
1694 2666 1855 2717 fluido
1876 2686 1906 2717 a
1930 2664 2185 2734 projectili
2205 2682 2298 2716 ex-

152 2752 352 2815 citatus,
380 2772 476 2806 nec
501 2756 671 2806 minor
697 2775 807 2808 esse
831 2767 1002 2826 potest
1019 2759 1073 2808 in
1098 2758 1291 2810 aethere
1317 2759 1648 2810 subtilissimo
1671 2777 1769 2827 pro
1796 2759 2047 2810 densitate
2072 2755 2296 2818 aetheris,

153 2860 307 2913 quam
332 2842 385 2893 in
410 2847 544 2908 abire,
573 2845 705 2916 aqua
731 2857 782 2898 et
807 2857 1022 2918 argento
1047 2849 1164 2900 vivo
1188 2867 1286 2917 pro
1311 2849 1651 2901 densitatibus
1677 2851 1865 2901 horum
1889 2849 2185 2900 fluidorum.

157 2984 242 3023 Lib.
263 2987 322 3024 Π.
343 2994 379 3024 et
395 2987 433 3024 in
448 2988 694 3037 sequentibus
713 2988 1045 3038 propositionibus
1058 3004 1201 3041 suppo·
1255 2993 1423 3037 locitatis,
1452 2992 1492 3029 in
1512 2992 1588 3042 quii
1608 3000 1738 3030 tamen
1764 2992 1897 3042 augeri
1926 2991 2118 3037 deberent,
2148 2989 2205 3028 uti
2232 3002 2298 3027 ex-

156 3039 272 3077 situm
302 3048 371 3086 est,
401 3040 505 3089 globi
527 3049 566 3077 et
584 3041 759 3090 cylindri,
789 3055 955 3092 quorum
984 3045 1119 3082 eadem
1146 3052 1203 3083 est
1256 3046 1424 3094 positum
1443 3046 1557 3083 estin
1578 3046 1842 3094 experimento
1866 3049 1924 3082 12.

150 3091 351 3138 diameter,
374 3094 560 3143 aequalem
581 3107 662 3131 esse
680 3095 944 3133 resistentiam.
1304 3098 1360 3148 (⁰)
1384 3101 1405 3122 ²*
1427 3102 1499 3137 Sed
1525 3101 1636 3138 eciam
1671 3101 1748 3149 agit
1777 3101 1820 3138 in
1841 3098 2046 3149 prqjectileu
2076 3109 2143 3147 per
2168 3094 2298 3134 motiis

210 3145 267 3186 (Ἢ
293 3150 311 3170 *
343 3149 428 3185 Non
447 3154 665 3187 auoeantur
683 3150 724 3187 in
744 3147 940 3198 duplicat&
967 3152 1110 3189 ratione
1138 3164 1196 3190 ve·
1253 3151 1402 3202 Legem
1425 3151 1509 3190 111.
