2502 4192
303 263 407 311 '320

363 395 544 454 'PROP.
572 416 718 454 XLII.
775 398 1000 453 THEOR.
1025 377 1322 450 XXXHLQ„

303 488 441 526 Motus
458 487 582 524 omnis
597 500 663 535 per
675 485 838 523 fluidum
851 491 1084 534 propagatus
1101 482 1225 520 diver-

352 540 410 591 git
428 554 451 577 a
470 549 571 578 recto
586 539 736 577 tramite
754 538 792 575 in
813 538 933 586 spatia
959 538 1116 573 immota
1120 562 1220 574 ......
1251 535 1328 573 257

370 630 542 669 PROP.
568 628 741 666 XLIII.
793 627 1018 665 THEOR.
1044 624 1258 663 XXXIV.

305 700 456 748 corpus
483 710 618 736 omne
611 696 831 734 tremulum
856 696 895 732 in
922 694 1050 732 medio
1068 694 1222 732 elastico

353 750 577 801 propagabit
598 758 746 787 motum
774 748 956 797 pulsuum
984 748 1154 796 undique
1181 746 1222 783 in

354 805 564 848 directum3
602 803 642 838 in
674 801 800 838 medio
835 800 922 837 vero
955 812 1034 837 non
1070 800 1224 837 elastico

354 864 504 895 motum
523 855 745 892 circularem
764 853 951 892 excitabit.
961 879 1220 892 ...............
1251 853 1327 891 265

384 946 555 984 PROP.
582 944 744 983 XLIV.
804 943 1029 982 THEOR.
1054 944 1243 982 XXXV.

306 1018 347 1057 Si
378 1030 477 1067 aqua
507 1016 548 1052 in
580 1015 721 1054 canalis
748 1015 919 1052 cruribus
947 1015 1080 1053 erectis
1110 1016 1151 1053 K
1173 1016 1221 1062 L,

357 1071 404 1108 M
432 1070 463 1106 N
484 1069 628 1106 vicibus
646 1068 799 1105 alternis
815 1067 993 1106 ascendat
1011 1076 1049 1106 et
1067 1068 1223 1105 descen-

355 1123 432 1167 dat,
460 1130 699 1159 construatur
725 1128 853 1157 autem
881 1121 1092 1169 pendulum
1113 1122 1224 1171 cujus

355 1174 558 1224 longitudo
577 1174 675 1210 inter
695 1181 881 1221 punctum
909 1174 1166 1222 suspensionis
1184 1182 1222 1211 et

356 1237 528 1265 centrum
549 1226 791 1264 oscillationis
804 1234 974 1275 aequetur
985 1226 1126 1264 semissi
1140 1227 1222 1264 lon-

359 1279 544 1330 gitudinis
555 1291 663 1328 aquae
677 1279 718 1315 in
736 1279 876 1316 canali·
907 1279 993 1317 dico
1010 1279 1114 1329 quod
1126 1293 1225 1328 aqua

358 1332 536 1370 ascendet
554 1340 592 1368 et
618 1331 819 1368 descendet
838 1330 971 1369 iisdem
991 1334 1227 1425 temporibus

357 1385 497 1436 quibus
509 1384 723 1439 pendulum
738 1384 930 1422 oscillatur
932 1411 1222 1424 .................
1254 1389 1331 1424 266

385 1473 557 1512 PROP.
580 1472 718 1512 XLV.
752 1473 978 1511 THEOR.
998 1474 1213 1512 XXXVI.

305 1545 510 1584 Undarum
538 1545 715 1582 velocitas
733 1552 789 1583 est
815 1545 856 1582 in
883 1545 1148 1594 subduplicata
1165 1558 1224 1584 rao
1310 1586 1315 1593 ,

357 1598 459 1635 tione
470 1598 716 1636 latitudinum
719 1624 1222 1638 .............................
1252 1604 1302 1638 26
1307 1603 1327 1636 8

456 1687 627 1725 PROP.
651 1686 813 1725 XLVI.
875 1687 1086 1725 PROBL.
1112 1688 1167 1725 X.

305 1752 485 1793 Invenire
499 1756 737 1793 velocitatem
751 1756 940 1794 undarum
946 1783 1219 1796 ................
1234 1757 1325 1803 ibid.

350 1845 521 1883 PROR
548 1845 735 1882 XLVII.
788 1846 1014 1884 THEOR.
1041 1846 1283 1886 XXXVII.

306 1915 488 1952 Pulsibus
514 1927 581 1961 per
607 1913 772 1951 fluidum
799 1915 1028 1975 propagatis,
1059 1916 1221 1967 singilae

355 1966 462 2003 fluidi
482 1967 685 2016 particulae,
714 1976 824 2005 motu
843 1969 1034 2016 reciproco
1052 1970 1222 2006 brevissi-

354 2033 419 2057 mo
430 2028 563 2057 euntes
577 2028 614 2057 et
628 2019 839 2066 redeuntes,
856 2022 1112 2059 accelerantur
1123 2035 1222 2059 sein-

354 2085 422 2121 per
460 2080 498 2110 et
532 2073 769 2110 retardantur
804 2087 873 2122 pro
904 2074 989 2125 lege
1019 2075 1224 2113 oscillantis

354 2125 510 2175 penduli
514 2152 1222 2167 .........................................
1252 2132 1330 2167 270
1350 2127 1357 2140 '

333 2213 504 2252 PROP.
532 2213 746 2251 XLVIII.
782 2215 1008 2253 THEOR.
1029 2217 1297 2255 XXXVIII.

307 2284 500 2323 Pulsuum
532 2284 573 2320 in
600 2283 720 2322 fluido
747 2285 901 2323 elastico
928 2295 1224 2337 propagatorum

357 2337 572 2374 velocitates
599 2346 689 2375 sunt
715 2339 754 2374 in
782 2340 926 2376 ratione
953 2341 1161 2388 composita
1179 2353 1226 2378 ex

357 2389 623 2439 subduplicatzi
633 2391 776 2428 radone
790 2393 845 2429 vis
859 2394 1021 2430 clasticae
1033 2393 1174 2432 directe
1189 2403 1228 2433 et

960 254 1160 293 INDEX
1190 242 1713 292 PROPOSITIONUM.

1456 406 1719 459 subd'uplicata
1732 412 1879 451 ratione
1893 413 2088 452 densitatis
2106 415 2279 462 inverse3
2299 415 2331 453 si
2356 386 2419 416 m

1454 464 1572 501 modo
1591 464 1700 502 fluidi
1720 465 1774 502 vis
1792 465 1948 504 elastica
1965 468 2136 517 ejusdem
2164 469 2332 508 conden-

1455 517 1591 553 sationi
1610 519 1902 565 proportionalis
1920 533 2001 557 esse
2019 529 2326 571 supponatur....

1538 604 1713 645 PROP.
1737 607 1906 645 XLIX.
1968 608 2183 647 PROBL.
2209 610 2291 648 XI.

1406 674 1519 714 Datis
1537 675 1652 713 medii
1668 676 1854 715 densitate
1872 685 1912 715 et
1926 677 1962 714 vi
1974 677 2140 725 elastica,
2160 679 2332 717 invenire

1456 728 1692 768 velocitatem
1720 730 1903 779 pulsuum
1909 758 2327 772 ........................
2359 737 2436 773 289

2356 525 2433 561 287

1589 816 1763 856 PROP.
1789 817 1838 856 L.
1899 818 2116 857 PROBL.
2140 818 2248 857 XII.

1406 888 1587 926 Invenire
1604 888 1789 938 pulsuum
1817 889 2013 927 distantias
2017 918 2330 930 ..................
2359 896 2436 932 292

1512 976 1685 1016 PROP.
1710 977 1785 1016 LI.
1846 976 2073 1017 THEOR.
2100 978 2319 1017 XXXIX.

1410 1048 1447 1087 Si
1467 1049 1663 1099 cylindrus
1677 1049 1821 1087 solidus
1836 1048 1983 1087 infinite
1995 1049 2135 1099 longus
2154 1049 2192 1086 in
2212 1049 2332 1087 fluido

1457 1102 1642 1139 uniformi
1661 1110 1699 1140 et
1717 1103 1869 1140 infinito
1887 1103 1986 1140 circa
2003 1115 2115 1140 axem
2144 1103 2330 1152 positione

1458 1155 1592 1192 datum
1611 1156 1794 1193 uniformi
1817 1168 1905 1194 cum
1926 1163 2034 1193 motu
2049 1155 2275 1201 revolvatur,
2292 1164 2330 1193 et

1459 1210 1506 1246 ab
1533 1209 1649 1259 hujus
1665 1208 1835 1257 impulsu
1856 1209 1936 1245 solo
1954 1216 2091 1258 agatur
2101 1208 2268 1246 fluidum
2287 1209 2328 1245 in

1459 1263 1601 1304 orbem,
1621 1270 1832 1310 perseveret
1850 1269 1980 1299 autem
2000 1260 2108 1298 fluidi
2127 1274 2214 1310 pars
2231 1274 2328 1298 una-

1458 1327 1620 1365 quaeque
1650 1314 1894 1351 uniformiter
1919 1315 1960 1351 in
1986 1321 2096 1351 motu
2124 1327 2218 1360 suo3
2247 1314 2333 1352 dico

1460 1367 1561 1417 quod
1595 1376 1768 1415 tempora
1797 1367 1988 1415 periodica
2017 1368 2183 1415 partium
2221 1366 2331 1405 fluidi

1459 1428 1550 1458 sunt
1576 1428 1620 1458 ut
1648 1421 1816 1469 ipsarum
1845 1419 2036 1458 distantiae
2055 1422 2103 1457 ab
2120 1432 2191 1457 axe
2211 1420 2344 1469 cylin-

1458 1473 1518 1511 dri
1520 1499 2327 1512 ..............................................
2357 1476 2433 1513 298

1564 1562 1738 1601 PROP.
1765 1562 1867 1600 LII.
1926 1561 2151 1600 THEOR.
2178 1561 2275 1599 XL.

1407 1632 1447 1671 Si
1467 1633 1612 1681 sphaera
1629 1633 1761 1676 solida,
1783 1633 1822 1669 in
1843 1632 1961 1669 fluido
1979 1631 2162 1670 uniformi
2183 1639 2221 1669 et
2238 1631 2328 1669 infi-

1457 1687 1549 1731 nito,
1570 1685 1669 1723 circa
1687 1698 1798 1723 axem
1817 1686 2002 1734 positione
2022 1685 2155 1722 datum
2182 1685 2330 1722 unifor-

1456 1739 1512 1775 mi
1530 1751 1620 1776 cum
1637 1746 1745 1775 motu
1758 1737 1983 1784 revolvatur,
2004 1746 2042 1775 et
2059 1739 2107 1775 ab
2125 1738 2240 1788 hujus
2258 1738 2330 1774 im-

1455 1790 1571 1839 pulsu
1607 1790 1688 1828 solo
1728 1799 1866 1841 agatur
1901 1790 2066 1828 fluidum
2101 1791 2141 1827 in
2179 1793 2321 1836 orbem,

1456 1852 1667 1892 perseveret
1693 1854 1822 1881 autem
1849 1843 1958 1880 fluidi
1986 1855 2071 1891 pars
2089 1856 2331 1894 unaquaeque

1456 1897 1697 1934 uniformiter
1715 1897 1754 1933 in
1774 1904 1881 1933 motu
1898 1909 1990 1934 suo:
2014 1897 2100 1933 dico
2112 1897 2215 1947 quod
2236 1906 2331 1934 tem-

1457 1963 1550 1999 pora
1580 1950 1770 1999 periodica
1801 1950 1967 1999 partium
1996 1948 2105 1986 fluidi
2138 1956 2251 1987 erunt
2285 1955 2331 1986 ut

1456 2003 1640 2055 quadrata
1657 2003 1924 2041 distantiarum
1937 2016 1960 2041 a
1974 2012 2103 2040 centro
2117 2003 2306 2051 sphaerae..
2315 2030 2326 2041 .
2357 2006 2435 2040 302

1540 2112 1710 2152 PROP.
1737 2113 1866 2151 LIII.
1926 2113 2152 2152 THEOR.
2178 2113 2300 2151 XLI.

1410 2185 1589 2233 Corpora,
1611 2197 1697 2234 quae
1716 2184 1756 2221 in
1775 2174 1916 2221 vortice
1935 2182 2059 2220 delata
2072 2182 2113 2219 in
2126 2184 2253 2220 orbem
2270 2194 2331 2219 re·

1459 2237 1591 2281 deunt,
1622 2237 1793 2287 ejusdem
1812 2245 1902 2274 sunt
1921 2236 2116 2273 densitatis
2135 2247 2225 2273 cum
2244 2247 2330 2272 vor-

1401 2334 1404 2336 ,
1458 2290 1545 2336 tice,
1578 2297 1616 2328 et
1643 2291 1775 2328 eadem
1804 2289 1890 2340 lege
1916 2302 2005 2327 cum
2025 2289 2143 2336 ipsius
2161 2288 2332 2337 partibus

1458 2343 1584 2393 quoad
1617 2344 1853 2380 velocitatem
1881 2351 1919 2380 et
1947 2355 2080 2379 cursus
2098 2341 2329 2379 determina-

1459 2398 1601 2434 tionem
1620 2404 1823 2434 moventur
1823 2421 2327 2434 .............................
2356 2398 2436 2432 313

756 2742 913 2782 FINIS
945 2744 1451 2786 PROPOSITIONUM
1482 2745 1656 2784 LIBRI
1689 2745 1969 2785 SECUNDI.

1202 3416 1278 3453 GL
1287 3415 1506 3453 ASGUAE:

988 3489 1178 3529 ANDREAS
1198 3491 1248 3518 ET
1264 3490 1443 3518 soANNEs
1465 3491 1511 3518 Μ.
1528 3490 1714 3529 DUNCAN,

1143 3542 1332 3572 Academiae
1349 3541 1569 3581 Typograpki.
