2502 4192
260 254 364 301 234·
814 252 1382 306 PHILOSOPHIAE
1420 254 1871 309 NATURALIS
1948 257 2130 322 [Moza
2161 243 2415 320 Comen,

1216 489 1507 543 LEMMA
1545 491 1611 542 V.

260 638 320 689 Si
350 640 617 707 cylindrus,
646 638 842 703 sphaera
869 644 917 687 et
941 636 1195 702 sphoerois,
1226 653 1427 702 quoram
1453 636 1745 685 latitudines
1768 643 1881 685 sant
1906 639 2131 703 aquales,
2170 640 2224 688 in
2247 641 2407 690 medio

329 731 522 781 canalis
560 730 826 797 cylindrici
860 730 934 779 ita
968 730 1189 779 locentur
1223 724 1483 778 successive
1515 734 1571 777 ut
1603 744 1767 777 eorum
1804 746 1922 779 axes
1958 746 2061 779 cam
2095 747 2190 780 axe
2213 734 2405 783 canalis

328 818 614 870 coincidant
636 841 650 868 .·
676 819 780 868 haec
799 835 1009 884 corpora
1014 819 1218 887 fluxam
1236 835 1379 885 aquae
1393 836 1492 884 per
1516 820 1737 868 canalem
1763 820 2025 885 aequaliter
2050 820 2328 887 impedient.

330 980 391 1048 (f)
421 980 560 1031 Nam
595 980 758 1048 spatia
795 980 930 1031 inter
969 979 1200 1031 canalem
1227 989 1278 1031 et
1304 979 1610 1049 cylindrum,
1652 978 1927 1047 sphaeram,
1969 988 2019 1029 et
2057 978 2400 1066 sphaeroifflzm

253 1088 347 1138 per
374 1089 489 1140 quae
515 1090 648 1141 aqua
673 1070 871 1133 transit,
912 1082 1032 1122 sunt
1057 1071 1303 1141 aequalia:
1345 1081 1395 1123 et
1421 1089 1554 1140 aqua
1578 1088 1672 1139 per
1697 1071 1914 1140 aequalia
1940 1071 2103 1139 spatia
2130 1073 2398 1141 aequaliter

254 1170 452 1212 transm.

337 1249 476 1300 Haec
502 1249 573 1300 ita
599 1267 653 1300 se
678 1247 872 1299 habent
908 1266 977 1299 ex
1010 1247 1305 1317 hypothesi,
1353 1246 1493 1317 quod
1537 1266 1670 1317 aqua
1706 1246 1872 1298 omnis
1912 1265 2067 1314 supra
2111 1247 2399 1317 cylindrum

252 1338 507 1407 sphaeram
534 1338 614 1390 vel
641 1338 987 1406 sphaeroidem
1014 1338 1330 1409 congelatur,
1372 1338 1514 1407 cujus
1538 1338 1761 1389 fluiditas
1789 1337 1854 1388 ad
1881 1337 2205 1389 celerrimum
2244 1358 2395 1411 aquae

248 1428 521 1480 transitum
545 1446 649 1479 non
678 1427 972 1498 requiritur,
1002 1437 1060 1479 ut
1084 1429 1137 1479 in
1168 1426 1344 1479 Corol.
1375 1432 1423 1484 7.
1455 1427 1613 1495 Prop.
1645 1426 1924 1479 XXXVI.
1953 1426 2191 1494 explicui.

1115 1637 1405 1690 LEMMA
1444 1639 1539 1690 VI.

247 1782 429 1834 Iisdem
452 1781 652 1848 positiS,
687 1770 902 1847 corpora
925 1780 1177 1848 proedicta
1211 1781 1474 1848 aeqaalz'ter
1511 1787 1751 1848 urgentur
1785 1780 1849 1831 ab
1882 1778 2016 1847 aqaa'
2041 1798 2140 1847 per
2166 1783 2386 1832 canalem

1204 1869 1419 1939 fluente.
1889 1860 1894 1869 ’

320 2010 471 2062 Patet
494 2028 589 2078 per
615 2009 834 2061 Lemma
861 2010 925 2061 V.
953 2019 1005 2061 et
1026 2018 1196 2062 motus
1221 2009 1392 2081 legem
1417 2008 1637 2061 tertiam.
1714 2009 1868 2078 Aqua
1893 2007 2068 2077 utique
2094 2017 2145 2059 et
2169 2026 2388 2078 corpora

245 2100 301 2151 in
329 2120 383 2153 se
408 2110 589 2153 mutuo
616 2099 881 2170 aequaliter
906 2110 1079 2172 agunt.

1085 2313 1374 2367 LEMMA
1413 2314 1542 2366 VII.

238 2457 301 2522 ,Si
324 2474 458 2525 aqua
484 2458 701 2525 quiescat
725 2459 781 2508 in
807 2458 993 2519 canali,
1031 2464 1078 2507 et
1100 2457 1204 2507 haec
1228 2473 1437 2522 corpora
1466 2457 1520 2505 in
1544 2462 1724 2521 partes
1749 2456 2033 2505 contrarias
2057 2453 2240 2521 aequali
2260 2455 2386 2504 velo·

330 2550 483 2599 citate
498 2566 596 2615 per
620 2550 842 2599 canalem
848 2548 1098 2616 ferantur
1114 2570 1130 2597 .·
1168 2547 1382 2614 aequales
1408 2552 1554 2595 erunt
1571 2562 1736 2595 eorum
1761 2544 2058 2595 resistentia
2078 2543 2208 2593 inter
2231 2561 2297 2593 se.

314 2685 534 2737 Constat
576 2703 642 2737 ex
685 2685 956 2738 Lemmate
996 2683 1276 2753 superiore,
1327 2700 1449 2734 nam
1490 2690 1660 2733 motus
1702 2680 1903 2732 relativi
1954 2679 2111 2730 iidem
2161 2679 2293 2729 inter
2331 2697 2385 2730 se

239 2783 465 2827 manent.

1180 2958 1438 3010 Scholiam.

311 3101 511 3153 Eadem
536 3110 614 3153 est
638 3100 770 3154 ratio
789 3118 1066 3170 corporum
1085 3102 1317 3153 omnium
1334 3119 1684 3154 convexorum
1700 3110 1751 3152 et
1769 3100 2130 3161 rotundorum,
2159 3114 2383 3167 quorum

237 3210 362 3244 axes
390 3211 508 3244 cum
534 3211 631 3244 axe
657 3192 848 3245 canalis
876 3192 1189 3245 coincidunt.
1246 3192 1555 3245 Differentia
1579 3192 1751 3262 aliqua
1776 3210 1841 3243 ex
1866 3192 2060 3260 majore
2075 3189 2157 3241 vel
2182 3189 2382 3239 minore

234 3283 474 3335 frictione
512 3284 636 3335 oriri
672 3294 870 3353 potest3
917 3285 1007 3336 sed
1032 3285 1086 3335 ln
1109 3284 1190 3336 his
1218 3284 1501 3336 Lemmatis
1528 3302 1748 3352 corpora
1784 3302 1895 3335 esse
1929 3282 2235 3351 politissima
2262 3297 2382 3346 sup-

236 3371 496 3440 ponimuS‚
538 3382 589 3423 et
624 3372 783 3424 medii
820 3374 1148 3424 tenacitatem
1173 3383 1224 3424 et
1248 3372 1537 3425 frictionem
1566 3391 1677 3424 esse
1714 3372 1925 3435 nullam,
1969 3381 2020 3422 et
2046 3370 2186 3440 quod
2209 3377 2381 3437 partes

233 3459 396 3522 fluidi,
438 3478 554 3529 quae
590 3461 814 3513 motibus
842 3462 945 3512 suis
972 3461 1194 3531 obliquis
1220 3472 1271 3514 et
1297 3462 1567 3530 superfluis
1603 3461 1803 3512 fluxum
1842 3479 1991 3530 aquae
2016 3477 2110 3528 per
2149 3457 2380 3509 canalem

231 3552 552 3621 perturbare,
595 3552 861 3619 impedire,
905 3562 957 3604 et
991 3552 1255 3604 retardare
1292 3563 1527 3621 possunt,
1571 3552 1840 3621 quiescant
1864 3551 2000 3602 inter
2038 3568 2092 3601 se
2129 3557 2377 3616 tanquam

231 3640 354 3711 gelu
391 3640 699 3702 constrictae,
746 3649 798 3690 et
834 3641 1137 3709 corporibus
1164 3641 1229 3693 ad
1254 3641 1486 3709 ipsorum
1521 3650 1694 3709 partes
1733 3640 1926 3697 antiCas
1954 3648 2005 3691 et
2028 3637 2249 3707 posticas
2287 3635 2378 3686 ad-

284 3780 339 3832 (¹')
361 3783 383 3805 ¹¹
406 3783 516 3820 Nam
543 3781 663 3830 spatia
682 3781 782 3818 inter
795 3782 966 3819 canalem
986 3788 1023 3819 et
1041 3788 1277 3820 transversas
1330 3789 1367 3819 et
1384 3782 1597 3836 splqaeroidis
1611 3794 1682 3830 per
1698 3794 1786 3831 quae
1798 3794 1900 3832 aqua
1920 3780 2073 3826 transit,
2094 3785 2184 3818 sunt
2197 3777 2371 3829 aequalia.

229 3835 415 3882 sectiones,
429 3847 495 3874 seu
506 3835 726 3874 latitudines
735 3834 918 3872 maximas
933 3835 1108 3884 cylindri,
1123 3837 1276 3885 sphaeroe
1334 3833 1426 3871 Vid.
1445 3833 1562 3871 schol.
1587 3845 1761 3883 sequens.
