2502 4192
177 254 364 311 Lmen
394 256 662 318 Summa]
739 248 1137 303 PRINCIPIA
1192 244 1810 301 MATHEMATICA.
2214 255 2315 301 315

175 397 399 450 rediens,
476 395 547 447 Et
572 394 755 448 eodem
783 403 1088 465 argumento
1109 392 1151 444 si
1177 392 1342 443 rarius
1369 391 1450 454 sit,
1490 390 1699 442 accedet
1725 390 1791 441 ad
1817 399 2068 441 centrum.
2146 390 2315 461 Igitur

175 507 282 540 non
308 486 497 540 redibit
521 487 576 537 in
603 484 828 538 eundem
852 485 1033 536 orbem
1058 482 1156 534 nisi
1181 482 1246 533 sit
1282 481 1512 551 ejusdem
1550 480 1813 531 densitatis
1841 498 1957 531 cum
1982 479 2159 530 fluido.
2238 479 2319 531 Eo

176 588 348 629 autem
373 577 427 627 in
448 594 571 628 casu
596 585 861 627 ostensum
898 584 990 637 est,
1034 572 1175 643 quod
1211 571 1559 623 revolveretur
1599 568 1781 622 eadem
1805 570 1920 641 lege
1946 587 2062 620 cum
2087 570 2318 638 partibus

172 668 319 720 fluidi
343 687 374 719 a
399 677 577 720 centro
602 667 808 718 vorticis
836 664 1101 735 aequaliter
1126 662 1453 715 distantibus.
1531 661 1600 722 Q.
1621 680 1664 712 e.
1693 660 1744 713 d.

248 758 410 809 Corol.
442 764 489 807 1.
530 756 676 826 Ergo
702 754 925 805 solidum
950 752 1092 823 quod
1117 752 1171 802 in
1191 751 1385 803 vortice
1411 749 1690 801 revolvitur
1715 759 1768 801 et
1792 748 1846 798 in
1872 747 2097 799 eundem
2133 747 2314 799 orbem

173 863 377 914 semper
403 845 554 907 redit,
584 842 794 895 relative
821 843 1037 913 quiescit
1061 842 1115 892 in
1140 841 1303 893 finido
1329 840 1412 891 cui
1437 841 1649 890 innatat.

250 936 414 986 Θυνοί.
442 941 492 986 2.
533 934 605 985 Et
629 933 672 984 si
698 942 881 984 vortex
906 932 968 984 sit
993 930 1165 1001 quoad
1191 930 1498 982 densitatem
1524 914 1809 991 uniformis,
1848 945 2035 996 corpus
2074 926 2213 978 idem
2248 924 2317 977 ad

173 1023 456 1094 quamlibet
479 1042 511 1074 a
529 1031 707 1074 centro
731 1020 940 1074 vorticis
966 1019 1261 1072 distantiam
1286 1017 1480 1070 revolvi
1504 1026 1690 1087 potest.

1118 1214 1378 1266 scholium.

249 1341 396 1394 Hinc
420 1340 581 1411 liquet
604 1339 837 1408 planetas
862 1357 894 1389 a
917 1317 1200 1389 vorticibus⁸
1223 1333 1485 1404 corporeis
1509 1350 1616 1384 non
1642 1331 1848 1384 deferri.
1925 1332 2063 1383 Nam
2099 1331 2321 1400 planetae

175 1430 461 1482 secundum
509 1427 821 1499 hypothesin
864 1426 1258 1496 Copernicaeam
1300 1424 1438 1487 circa
1490 1421 1664 1474 Solem
1705 1420 1862 1473 delati
1898 1420 2232 1473 revolvuntur
2266 1419 2322 1470 in

175 1519 441 1589 ellipsibus
457 1517 760 1569 umbilicum
776 1515 1087 1567 habentibus
1107 1516 1161 1566 in
1181 1514 1320 1577 Sole,

176 1590 229 1663 et
265 1609 422 1660 radiis
449 1608 515 1660 ad
544 1607 719 1659 Solem
753 1606 921 1657 ductis
959 1624 1103 1656 areas
1130 1604 1324 1656 descri-

175 1699 309 1751 bunt
356 1696 677 1766 temporibus
726 1693 1156 1763 proportionales,
1248 1694 1325 1746 At

174 1797 349 1859 partes
401 1787 607 1839 vorticis
657 1785 748 1837 tali
798 1795 945 1836 motu
995 1785 1189 1837 revolvi
1231 1803 1324 1836 ne—

179 1885 391 1947 queunt.
468 1874 762 1945 Designent
798 1873 848 1924 A
874 1873 949 1936 D,
995 1873 1041 1925 B
1070 1873 1132 1936 E,
1176 1874 1221 1925 C
1260 1875 1320 1937 F,

176 1966 329 2016 orbes
379 1974 483 2016 tres
528 1964 663 2014 circa
706 1962 881 2017 Solem
929 1964 966 2015 S
1016 1963 1319 2033 descriptOS,

178 2075 399 2127 quorum
425 2056 648 2108 extimus
689 2055 733 2108 C
762 2055 805 2106 F
850 2055 1070 2107 circulus
1109 2056 1174 2107 sit
1214 2057 1322 2109 Soli

178 2148 547 2209 concentriCUS,
624 2155 676 2198 et
735 2145 1039 2197 interiorum
1099 2146 1320 2199 duorum

179 2237 385 2307 aphelia
428 2238 531 2288 sint
568 2236 635 2299 A,
679 2236 726 2288 Β
771 2245 822 2287 et
857 2236 1107 2304 perihelia
1142 2238 1214 2301 D,
1256 2239 1319 2292 E.

180 2329 325 2400 Ergo
368 2346 555 2397 corpus
596 2326 737 2397 quod
776 2327 1056 2380 revolvitur
1098 2329 1153 2380 in
1196 2331 1322 2384 orbe

182 2418 227 2470 C
255 2418 316 2481 F,
355 2417 502 2469 radio
540 2417 607 2468 ad
645 2416 820 2470 Solem
840 2417 996 2469 ducto
1022 2438 1166 2472 areas
1191 2429 1321 2473 tem-

177 2507 391 2576 poribus
427 2506 840 2575 proportionales
885 2507 1243 2577 describendO,
1293 2514 1354 2583 (⁰)
1392 2517 1684 2571 movebitur
1720 2518 1964 2572 uniformi
2008 2539 2127 2572 cum
2161 2529 2321 2572 motu,

183 2595 387 2663 Corpus
414 2603 586 2645 autem
613 2594 753 2664 quod
778 2595 1059 2648 revolvitur
1083 2599 1137 2650 in
1163 2602 1290 2654 orbe
1318 2603 1364 2654 B
1393 2604 1457 2667 E,
1497 2606 1693 2659 tardius
1717 2609 2011 2661 movebitur
2036 2609 2090 2660 in
2115 2608 2323 2678 aphelio

182 2683 230 2734 B
274 2692 327 2734 et
368 2681 593 2734 velocius
636 2682 691 2733 in
728 2683 981 2751 perihelio
1022 2685 1085 2749 Ε,
1136 2689 1199 2757 (P)
1241 2691 1525 2743 secundum
1565 2693 1706 2765 leges
1751 2696 2152 2758 astronomicas;
2203 2696 2323 2747 cum

181 2767 354 2824 tamen
381 2773 444 2842 (q)
472 2772 757 2824 secundum
799 2774 940 2845 leges
979 2778 1304 2833 mechanicas
1348 2784 1561 2836 materia
1604 2787 1810 2840 vorticis
1849 2789 1903 2840 in
1940 2789 2106 2858 spatio
2131 2807 2321 2860 angus-

181 2864 312 2915 tiore
335 2863 469 2915 inter
495 2864 547 2916 A
570 2852 624 2916 et
652 2864 698 2916 C
725 2864 950 2917 velocius
976 2869 1172 2921 moveri
1206 2870 1391 2942 debeat
1419 2872 1572 2943 quam
1597 2876 1651 2927 in
1677 2878 1841 2946 spatio
1877 2878 2058 2931 latiore
2094 2879 2228 2931 inter
2264 2878 2319 2931 D

182 2963 234 3006 et
271 2955 344 3017 F;
387 2954 443 3005 id
479 2964 573 3019 est,
616 2955 672 3033 in
709 2954 916 3025 aphelio
951 2958 1177 3012 velocius
1218 2961 1372 3032 quam
1397 2964 1451 3015 in
1475 2966 1744 3034 periheliO.
1822 2967 1959 3031 Quae
1998 2969 2103 3021 duo
2128 2988 2320 3041 repug-

202 3147 209 3156 ·
237 3094 293 3148 (⁰)
315 3097 337 3120 ὓ
356 3096 562 3156 Movihitur
578 3096 768 3157 fmff'fhrmi
785 3110 875 3136 cum
892 3105 1010 3137 motu.
1071 3099 1221 3150 AEqua-
1274 3101 1409 3142 locitas
1426 3104 1466 3141 in
1490 3106 1539 3152 B,
1560 3114 1617 3144 est
1636 3107 1685 3146 ad
1703 3108 1943 3148 velocitatem
1956 3109 1997 3147 in
2014 3110 2052 3149 Ε
2084 3118 2131 3150 ut
2141 3110 2320 3151 distantia

183 3147 285 3186 libus
302 3161 409 3186 emm
428 3151 663 3197 temporibus
690 3149 855 3199 aequales
873 3163 970 3189 areae
997 3158 1035 3189 et
1062 3154 1223 3201 proinde
1280 3156 1307 3194 S
1329 3157 1378 3200 E,
1399 3157 1449 3195 ad
1467 3158 1686 3198 distantiam
1704 3162 1890 3213 majorem
1912 3164 1939 3201 S
1961 3164 2009 3202 B.
2053 3138 2066 3158 ’

184 3201 351 3251 aequales
380 3214 502 3248 arcus,
535 3202 609 3239 hoc
637 3208 704 3248 est,
737 3202 900 3253 aequalla
929 3204 1051 3253 spatia
1077 3205 1219 3244 deseri-
1328 3209 1385 3262 (¹¹)
1411 3214 1430 3236 Ψ
1453 3213 1674 3251 Secundam
1693 3216 1790 3265 leg-ss
1808 3218 2059 3256 mechanicas.
2106 3218 2211 3257 Nam
2225 3218 2319 3257 cum

183 3255 342 3293 buntur.
1273 3271 1405 3301 vortex
1451 3274 1690 3314 supponatur
1730 3281 1811 3306 esse
1847 3269 1889 3306 in
1926 3277 2026 3308 statu
2061 3272 2314 3321 permanenti,

216 3358 226 3367 ·
240 3307 298 3359 (Ρ)
333 3310 355 3332 ⁴¹¹
374 3306 605 3368 ‘Secuqtdzim
640 3310 736 3359 leges
766 3313 1050 3371 astronomicas.
1111 3313 1221 3358 Quo·
1275 3317 1441 3366 aequales
1457 3320 1628 3357 materiae
1651 3321 1883 3371 quantitates
1900 3335 1969 3371 per
1987 3326 2154 3371 spatium
2173 3338 2317 3375 angus-

186 3372 293 3420 mam
323 3372 404 3397 axis
434 3360 609 3422 elhpseos
636 3374 704 3410 per
718 3363 919 3412 -aphehum
951 3365 985 3401 B
1005 3372 1044 3402 et
1072 3368 1222 3415 perihe-
1279 3370 1356 3407 tius
1380 3371 1414 3407 A
1439 3371 1483 3415 C,
1514 3379 1553 3410 et
1579 3385 1646 3422 per
1672 3375 1840 3423 spatium
1858 3375 1972 3413 latius
1993 3377 2034 3415 D
2056 3378 2102 3424 F,
2131 3385 2176 3416 ut
2202 3379 2250 3416 sit
2276 3377 2318 3415 in

189 3411 288 3450 hum
326 3413 364 3451 E
395 3420 548 3474 &³9⁵¹ss
592 3422 725 3481 estque
753 3415 879 3465 ellipsi
909 3417 1101 3465 normalis,
1138 3432 1227 3458 area
1279 3421 1418 3469 fluviis,
1452 3424 1587 3462 eodem
1620 3433 1790 3476 tempore
1817 3436 2029 3476 transeunt,
2063 3438 2101 3469 et
2118 3431 2318 3480 propterea

188 3465 453 3526 quam-radius
466 3474 599 3527 vector
621 3468 704 3528 {B
733 3476 904 3517 tempore
929 3482 1046 3520 quam
1065 3472 1228 3510 minimo
1281 3475 1440 3514 materia
1467 3478 1620 3516 vorticis
1637 3479 1679 3517 in
1705 3481 1826 3529 spatio
1856 3484 2075 3533 angustiore
2100 3484 2200 3522 inter
2221 3486 2259 3522 A
2279 3493 2318 3523 et

192 3518 385 3579 describit,
424 3527 495 3557 erit
522 3519 678 3569 aequahs
703 3522 930 3582 rectangulo
965 3535 1013 3560 ex
1048 3523 1231 3564 distantia·
1286 3528 1331 3573 C,
1351 3529 1521 3568 velocius
1538 3540 1714 3571 movetur
1732 3533 1849 3585 quam
1868 3535 1910 3571 in
1928 3537 2049 3584 spatio
2066 3536 2199 3575 latiore
2217 3537 2318 3575 inter

195 3572 222 3609 S
245 3572 280 3609 B
301 3584 350 3632 ‘m
368 3584 499 3609 arcum
526 3585 877 3634 quam-minimum
896 3589 920 3613 a
936 3588 1093 3625 corpore
1120 3578 1162 3615 in
1192 3580 1228 3618 B
1287 3581 1328 3619 D
1347 3589 1386 3620 et
1408 3583 1453 3620 F.
1516 3585 1723 3629 Quantitas
1740 3596 1870 3626 autem
1898 3590 2080 3635 materiae,
2111 3603 2199 3640 quae
2226 3590 2317 3628 dato

191 3623 452 3684 descriptum3
482 3633 520 3663 et
547 3626 719 3664 snmhter
736 3639 822 3665 area
840 3629 998 3678 aequalis
1023 3643 1140 3681 quam
1167 3645 1227 3670 ra-
1280 3641 1452 3684 tempore
1469 3638 1605 3676 transit
1629 3652 1696 3688 per
1722 3641 1889 3689 spatium
1911 3641 1950 3678 A
1973 3644 2021 3689 C,
2041 3643 2102 3680 vel
2124 3644 2163 3681 D
2189 3643 2220 3681 F
2262 3652 2319 3682 est

193 3676 280 3713 dnus
297 3686 425 3737 vector
446 3678 473 3715 S
495 3679 531 3715 E
559 3678 695 3717 eodem
721 3688 892 3730 tempore
917 3694 1035 3741 quam
1066 3684 1230 3723 minimo
1282 3695 1328 3725 ut
1341 3683 1508 3737 spati'um
1525 3692 1599 3729 hoc
1617 3692 1759 3731 directe
1777 3701 1816 3732 et
1834 3695 2005 3733 materiae
2032 3696 2210 3734 velocitas
2220 3671 2320 3734 'me-

193 3727 382 3793 describit,
414 3738 588 3781 aequatur
613 3735 838 3793 rectangulo
865 3746 911 3771 ex
940 3734 1118 3774 distantia
1142 3739 1168 3777 S
1188 3739 1226 3776 E
1284 3740 1422 3779 diocris
1439 3742 1602 3790 inverse,
1633 3752 1672 3784 et
1703 3746 1792 3785 ideo
1819 3745 2022 3786 mediocris
2040 3749 2219 3787 velocitas
2235 3762 2319 3787 ma-

193 3780 309 3845 ducta
339 3794 381 3843 m
411 3795 542 3821 arcum
561 3796 585 3821 a
602 3796 759 3832 corpore
784 3798 827 3846 ui
854 3787 890 3824 E
918 3786 1161 3838 descriptum,
1191 3800 1231 3829 ct
1283 3795 1387 3831 teriae
1406 3794 1506 3833 inter
1519 3798 1557 3834 A
1570 3806 1608 3836 et
1625 3799 1672 3846 C,
1693 3807 1749 3838 est
1766 3799 1816 3838 ad
1834 3800 2066 3840 mediocrem
2081 3802 2321 3841 velocitatem

194 3834 283 3873 ideo
300 3847 402 3884 prior
420 3848 531 3875 arcus
549 3844 606 3876 est
622 3837 673 3876 ad
690 3845 948 3888 posteriorem,
978 3842 1050 3880 hoc
1069 3852 1136 3891 est,
1166 3857 1229 3883 ve-
1285 3847 1456 3886 materiae
1474 3849 1574 3889 inter
1596 3852 1636 3890 D
1656 3860 1699 3890 et
1718 3852 1765 3900 F,
1786 3860 1831 3891 ut
1851 3852 1887 3892 F
1909 3854 1950 3892 D
1969 3855 2019 3893 ad
2041 3857 2079 3893 A
2103 3856 2147 3893 C.
