2502 4192
243 302 344 347 130
373 263 379 269 ’
778 296 1349 349 PHILosoPfflAE
1388 296 1842 350 NATURALIs
1920 299 2104 363 [Mor.
2134 300 2383 352 Gomon.

238 435 384 488 fluidi
411 438 761 520 cujuscunque
789 436 843 500 G
861 436 921 487 H
941 438 982 499 Ι,
1013 437 1154 506 quod
1179 437 1409 505 undique
1423 437 1676 504 premitur
1698 439 1981 508 aequaliter,
2010 450 2180 516 partes
2208 458 2386 493 omnes

239 545 293 577 se
317 523 500 576 mutuo
525 535 770 593 premunt
795 525 1078 593 aequaliter,
1108 535 1159 576 et
1184 526 1457 594 quiescunt
1481 526 1615 576 inter
1643 546 1712 577 se.
1793 527 1861 588 Q.
1890 547 1934 578 e.
1963 529 2013 579 d.

315 619 426 668 Cas.
456 625 505 668 6.
583 617 751 687 Igitur
777 616 819 666 si
843 615 1062 666 fluidum
1086 615 1216 665 illud
1239 616 1293 665 in
1310 634 1429 666 vase
1455 633 1562 665 non
1577 616 1748 686 rigido
1775 616 2058 681 claudatur,
2089 629 2139 670 et
2157 619 2387 688 undique

239 727 345 758 non
370 719 636 776 prematur
661 708 952 778 aequaliter3
995 707 1142 758 cedet
1176 706 1316 758 idem
1352 707 1608 775 pressioni
1632 707 1848 770 fortiori,
1889 726 1983 775 per
2010 709 2386 761 Definitionem

244 798 555 850 Fluiditatis.

315 891 428 941 Cas.
459 894 506 944 7.
584 889 817 958 Ideoque
841 888 896 938 in
923 907 1041 939 vase
1067 886 1237 958 rigido
1261 886 1479 938 fluidum
1503 905 1610 938 non
1637 888 1908 939 sustinebit
1943 887 2259 955 pressionem
2283 887 2388 937 for-

249 977 433 1029 tiorem
471 996 538 1029 ex
574 996 679 1028 uno
704 977 865 1027 latere
892 974 1047 1046 quam
1073 993 1139 1026 ex
1164 975 1282 1037 alio,
1324 975 1416 1026 sed
1442 975 1610 1030 eidem
1636 975 1799 1039 cedet,
1842 975 1999 1043 idque
2035 975 2089 1025 in
2125 984 2389 1026 momento

244 1067 506 1135 temporis,
552 1067 673 1135 quia
696 1067 830 1118 latus
870 1066 1003 1117 vasis
1040 1064 1267 1135 rigidum
1302 1082 1410 1115 non
1446 1066 1770 1135 persequitur
1813 1065 2065 1135 liquorem
2105 1065 2388 1117 cedentem.

246 1156 496 1209 Cedendo
522 1165 696 1207 autem
720 1154 928 1225 urgebit
952 1154 1085 1205 latus
1124 1153 1436 1222 oppositum,
1476 1163 1527 1204 et
1552 1154 1624 1204 sic
1648 1154 1845 1221 pressio
1870 1154 2098 1223 undique
2124 1153 2192 1204 ad
2216 1171 2391 1223 aequa-

242 1244 439 1295 litatem
465 1253 657 1314 verget.
736 1242 807 1293 Et
833 1241 1081 1311 quoniam
1103 1240 1337 1302 fluidum,
1368 1238 1523 1310 quam
1548 1241 1775 1308 primum
1800 1260 1831 1291 a
1854 1250 2000 1308 parte
2024 1241 2187 1311 magis
2213 1240 2391 1308 pressa

242 1335 484 1402 recedere
511 1343 740 1396 conatur,
769 1332 1031 1383 inhibetur
1056 1349 1151 1399 per
1175 1331 1517 1382 resistentiam
1541 1331 1673 1381 vasis
1700 1331 1767 1381 ad
1791 1330 1927 1382 latus
1953 1331 2249 1399 oppositum
2264 1350 2279 1392 ;
2311 1349 2393 1382 re·
2430 1318 2433 1320 ⁴

245 1424 464 1475 ducetur
488 1423 687 1491 pressio
713 1421 944 1490 undique
971 1420 1037 1471 ad
1064 1420 1425 1489 aequalitatem,
1453 1421 1508 1470 in
1533 1430 1797 1472 momento
1823 1421 2085 1489 temporis,
2116 1421 2224 1472 sine
2248 1431 2394 1472 motu

243 1512 422 1563 locali:
463 1523 515 1562 et
540 1510 759 1562 subinde
785 1520 955 1577 partes
980 1509 1144 1571 fluidi,
1188 1527 1283 1577 per
1313 1510 1505 1561 Casum
1544 1510 1796 1580 quintum,
1844 1530 1898 1562 se
1936 1510 2118 1562 mutuo
2154 1519 2390 1579 prement

243 1602 525 1672 aequaliter,
556 1611 607 1652 et
634 1601 897 1670 quiescent
922 1599 1056 1649 inter
1082 1618 1151 1649 se.
1230 1599 1298 1659 Q.
1327 1618 1372 1650 e.
1399 1599 1449 1649 d.

319 1693 482 1743 Corol.
563 1688 721 1741 Unde
751 1706 847 1739 nec
873 1698 1042 1738 motus
1068 1688 1295 1755 partium
1321 1687 1470 1737 fluidi
1495 1687 1629 1738 inter
1655 1705 1725 1750 se,
1753 1706 1847 1756 per
1871 1689 2192 1757 pressionem
2228 1685 2392 1737 fluido

245 1779 410 1831 ubivis
436 1779 491 1829 in
516 1777 728 1830 externa
756 1775 1027 1845 superficie
1053 1776 1263 1838 illatam,
1286 1777 1476 1827 mutari
1495 1788 1727 1844 possunt,
1756 1778 1854 1828 nisi
1874 1777 2124 1847 quatenus
2149 1788 2237 1829 aut
2251 1776 2387 1847 figu--
2411 1846 2413 1848 q

246 1887 304 1919 ra
330 1867 619 1937 superficiei
644 1866 834 1917 alicubi
858 1874 1105 1927 mutatur,
1134 1874 1221 1915 aut
1247 1882 1427 1915 omnes
1452 1863 1598 1915 fluidi
1622 1874 1794 1933 partes
1821 1865 2071 1918 intensius
2099 1865 2180 1918 vel
2204 1865 2385 1917 remis·
2408 1874 2411 1878 “

246 1956 354 2008 sius
380 1974 493 2008 sese
518 1953 806 2023 premendo
832 1951 1090 2005 difficilius
1119 1952 1197 2003 vel
1222 1950 1419 2004 facilius
1445 1952 1691 2005 labuntur
1714 1954 1848 2005 inter
1873 1973 1945 2008 se.

587 2232 611 2257 ”
659 2239 1131 2294 PROPOSITIO
1171 2242 1305 2294 XX.
1383 2242 1833 2297 THEOREMA
1872 2242 1997 2297 XV.

254 2414 318 2485 (b)
344 2415 403 2467 Si
404 2414 572 2486 fluidi
595 2415 843 2481 sphoerici,
890 2424 938 2466 et
966 2417 1020 2465 in
1051 2418 1326 2484 aequalibus
1351 2437 1384 2468 a
1409 2428 1576 2471 centro
1613 2422 1873 2472 distantiis
1908 2421 2205 2489 homogenei‚
2224 2419 2398 2487 fundo

323 2509 564 2573 sphaerico
589 2510 894 2559 comentrico
920 2510 1238 2568 incumbentis
1251 2520 1430 2577 partes
1454 2514 1665 2580 singulae
1683 2530 1845 2564 versus
1863 2521 2079 2564 centrum
2104 2512 2254 2563 totius
2271 2529 2399 2580 gra-

324 2601 479 2651 vitent
495 2630 514 2659 <;
542 2601 748 2651 sustinet
754 2600 978 2668 fundum
994 2603 1193 2667 pondus
1218 2604 1454 2670 cylindri,
1484 2602 1619 2670 cujus
1644 2603 1776 2655 basis
1799 2604 2007 2671 aequalis
2033 2610 2103 2654 est
2126 2603 2400 2669 superficiei

304 2691 489 2759 fundi,
517 2699 565 2741 et
590 2692 807 2742 altitudo
833 2693 1000 2742 eadem
1027 2709 1136 2759 quce
1138 2692 1307 2761 fluidi
1333 2693 1666 2744 incumbentis.
2127 2701 2129 2704 ⁴

331 2852 410 2904 Sit
447 2852 502 2904 D
543 2852 604 2903 H
643 2851 708 2903 M
747 2852 1046 2920 superficies
1083 2852 1246 2915 fundi,
1293 2864 1345 2905 et
1384 2855 1435 2905 A
1476 2854 1523 2906 E
1562 2854 1590 2906 I
1629 2855 1925 2924 superficies
1966 2854 2198 2923 superior
2236 2852 2397 2905 fluidi.

259 2940 642 3010 Superficiebus
688 2940 953 3008 sphaericis
991 2941 1275 2992 innumeris
1304 2941 1351 2993 B
1380 2941 1424 2993 F
1453 2942 1522 3006 K,
1565 2942 1610 2994 C
1638 2942 1691 2995 G
1717 2943 1766 2995 L
1802 2943 2148 3015 distinguatur
2181 2941 2400 2993 fluidum

256 3032 311 3081 in
344 3032 500 3082 -orbes
538 3031 892 3082 concentricos
929 3030 1197 3100 aequaliter
1234 3048 1462 3092 crassos3
1500 3041 1553 3083 et
1578 3032 1791 3100 concipe
1815 3032 1920 3083 vim
1945 3031 2209 3102 gravitatis
2247 3047 2423 3100 agere·

259 3119 584 3170 solummodo
628 3119 682 3168 in
726 3118 1050 3186 superficiem
1093 3118 1415 3186 superiorem
1440 3119 1579 3170 orbis
1620 3121 1882 3190 cujusque,
1928 3130 1979 3172 et
2022 3119 2244 3188 aequales
2289 3137 2400 3170 esse

260 3207 484 3260 actiones
510 3210 564 3259 in
590 3207 812 3280 aequales
837 3217 1009 3275 partes
1036 3207 1426 3275 superficierum
1456 3208 1704 3259 omnium.
1783 3208 2044 3259 Premitur
2066 3225 2194 3277 ergo
2220 3224 2399 3275 super-

259 3297 400 3349 ficies
427 3316 665 3366 suprema
692 3298 742 3348 A
770 3298 817 3349 E
841 3298 892 3348 vi
918 3297 1136 3366 simplici
1160 3298 1424 3368 gravitatis
1456 3298 1700 3367 propriae,
1741 3297 1841 3367 qua
1868 3308 1919 3349 et
1943 3316 2121 3348 omnes
2148 3298 2287 3349 orbis
2315 3317 2398 3349 su-

316 3456 371 3508 (b)
396 3460 481 3495 172.
515 3459 554 3495 Si
563 3459 687 3508 fluidi
705 3459 887 3507 sphaerz'ci,
907 3458 976 3495 &a
1039 3456 1170 3495 Fluidi
1188 3457 1297 3508 quie·
1351 3457 1466 3495 lelam
1478 3463 1531 3504 et,
1552 3457 1617 3508 (ex
1625 3455 1880 3506 Definitione)
1894 3454 2058 3494 fluidum
2073 3454 2286 3493 secundnm
2299 3456 2399 3493 hanc

261 3510 399 3548 scentis
417 3509 635 3558 superficies
654 3510 702 3547 ad
731 3510 923 3560 gravitatis
941 3510 1188 3548 directionem
1215 3522 1300 3559 per-
1356 3509 1604 3548 directionem
1624 3510 1851 3555 movebitur,
1885 3517 2017 3547 contra
2048 3509 2155 3558 Hyp.
2216 3508 2306 3545 Erit
2322 3508 2398 3558 igi-

262 3562 520 3612 pendicularis
547 3570 603 3600 est
629 3563 784 3612 ubique,
814 3571 852 3600 et
870 3562 958 3601 ideo
978 3563 1010 3600 si
1028 3563 1084 3600 vis
1110 3562 1308 3613 gravitatis
1362 3571 1426 3600 tur
1445 3575 1531 3612 pars
1549 3562 1729 3612 quaelibet
1747 3561 1962 3611 superficiei
1987 3561 2037 3599 ad
2068 3560 2261 3612 gravitatis
2279 3560 2401 3598 direc-

263 3616 313 3655 ud
342 3624 521 3653 centrum
551 3628 676 3651 unum
704 3616 900 3665 dirigatur,
936 3616 1119 3664 sphaerica
1137 3622 1204 3653 est.
1267 3616 1308 3654 si
1362 3616 1508 3653 tionem
1526 3614 1873 3664 perpendicularis:
1898 3622 1935 3652 et
1945 3613 2127 3664 quoniam
2141 3613 2250 3651 nulla
2261 3621 2318 3650 est
2327 3613 2403 3651 alia

264 3669 369 3706 enim
402 3667 616 3717 superficiei
646 3667 754 3705 fluidi
781 3681 868 3715 pars
894 3668 1023 3718 aliqua
1040 3670 1088 3706 ad
1115 3668 1310 3719 gravitatis
1364 3668 1592 3717 superficies,
1627 3676 1762 3716 praeter
1780 3667 2014 3716 sphaericam,
2046 3678 2132 3715 quae
2150 3666 2248 3703 hanc
2265 3666 2403 3703 habeat

266 3722 518 3759 directionem
538 3720 720 3761 inclinata
738 3720 798 3766 sit,
817 3721 1027 3759 resolvatur
1047 3722 1102 3759 vis
1116 3720 1313 3773 gravitatis
1367 3721 1648 3770 proprietatem,
1679 3729 1724 3758 ut
1740 3720 1854 3758 lineoe
1866 3731 2004 3758 vomnes
2021 3718 2093 3767 ipsi
2112 3717 2403 3768 perpendicula-

266 3774 309 3811 in
346 3775 443 3812 duas
475 3774 576 3812 vires.
594 3786 764 3824 quarum
792 3785 873 3811 una
904 3773 1152 3812 directionem
1176 3775 1315 3812 habeat
1366 3787 1426 3815 res
1444 3773 1494 3812 ad
1513 3781 1688 3812 centrum
1706 3786 1831 3812 unum
1848 3779 2088 3819 concurrant,
2108 3770 2324 3821 superficies
2336 3766 2403 3809 illa

270 3827 485 3877 superficiei
505 3818 614 3865 fluidi
642 3825 1010 3876 perpendicularem,
1044 3827 1163 3866 altera
1189 3826 1313 3876 paral-
1366 3824 1477 3865 fluidi
1490 3826 1672 3876 sphaerica
1689 3826 1771 3865 erit.
1833 3826 1884 3871 Q.
1905 3838 1938 3864 e·
1961 3823 1999 3863 d.
