2502 4192
138 244 327 297 Lmen
352 242 625 303 Summa]
681 236 1083 291 PRINCIPIA
1122 235 1738 290 MATHEMATICA.
2183 246 2285 292 295

138 386 345 457 gabitur
363 404 457 454 per
479 384 645 435 solum
672 386 844 436 a’e'rem
868 401 1064 446 verum,
1093 382 1249 451 idque
1274 381 1329 431 in
1349 379 1705 448 subduplicatz'i
1727 379 1927 430 ratione
1946 380 2158 432 minoris
2176 399 2285 432 ma-

139 476 337 530 teriae.,‚
379 473 457 526 Ut
493 473 536 523 si
573 472 920 541 atmosphaera
946 480 1144 523 constet
1181 489 1247 521 ex
1284 470 1463 522 decem
1499 469 1731 537 partibus
1771 468 1903 520 a‘e'ris
1949 470 2056 520 veri
2093 481 2144 521 et
2181 470 2283 522 una

139 574 289 633 parte
328 580 596 631 vaporum,
642 571 812 613 motus
850 579 1093 613 sonorum
1135 558 1350 611 celerior
1376 559 1472 610 erit
1497 558 1548 608 in
1578 557 1935 626 subduplicata
1978 559 2174 610 ratione
2219 567 2276 610 11

136 653 204 704 ad
233 661 314 716 10,
343 651 425 703 vel
449 652 504 701 in
529 649 729 721 integra
757 650 959 701 circiter
985 649 1184 700 ratione
1211 653 1272 698 21
1306 646 1373 698 ad
1399 652 1484 709 20,
1527 665 1679 717 quam
1708 647 1749 698 si
1773 657 2150 717 propagaretur
2187 666 2282 715 per

136 744 377 796 undecim
432 753 606 811 partes
656 742 788 793 ae'ris
836 741 973 793 veri:
1027 739 1248 809 ideoque
1297 749 1467 790 motus
1519 756 1763 789 sonorum
1814 756 1971 806 supra
2025 738 2276 801 inventus,

135 832 403 903 augendus
431 831 529 883 erit
554 831 608 881 in
635 829 735 881 hac
770 830 985 901 ratione.
1062 829 1185 891 Quo
1222 838 1374 897 pacto
1418 846 1592 891 sonUS,
1635 839 1867 897 tempore
1905 828 2089 881 minuti
2126 830 2278 882 unius

135 923 364 986 secundi,
394 922 633 974 conficiet
658 921 816 990 pedes
848 927 1002 972 1142.

212 1012 350 1064 Haec
391 1012 462 1062 ita
487 1030 542 1062 se
566 1010 760 1061 habere
798 1010 990 1061 debent
1026 1019 1257 1078 tempore
1301 1027 1460 1061 verno
1499 1018 1551 1061 et
1587 1010 1886 1074 autumnali,
1930 1011 2019 1063 ubi
2060 1014 2147 1064 a'er
2184 1031 2279 1081 per

133 1101 357 1154 calorem
382 1109 726 1168 temperatum
751 1099 978 1161 rarescit,
1007 1109 1058 1150 et
1083 1100 1191 1168 ejus
1217 1098 1293 1150 vis
1320 1097 1527 1150 elastica
1551 1098 1790 1150 nonnihil
1827 1100 2126 1152 intenditur.
2204 1103 2279 1153 At

129 1189 366 1259 hyberno
392 1199 643 1257 tempore,
683 1188 774 1239 ubi
800 1191 888 1239 a'er
912 1206 1007 1255 per
1032 1187 1194 1258 frigus
1233 1187 1594 1250 condensatur,
1636 1198 1687 1239 et
1712 1189 1820 1257 ejus
1847 1188 1922 1239 vis
1948 1188 2159 1254 elastica
2194 1208 2276 1241 re-

128 1278 364 1340 mittitur,
404 1287 576 1328 motus
603 1295 849 1327 sonorum
877 1276 1073 1327 tardior
1099 1295 1208 1328 esse
1235 1276 1390 1328 debet
1414 1277 1468 1327 in
1495 1276 1851 1345 subduplicata
1878 1278 2077 1330 ratione
2103 1279 2275 1330 densi-

128 1369 245 1420 tatis
260 1387 274 1429 3
314 1377 366 1419 et
390 1367 614 1418 vicissim
639 1367 818 1418 aestivo
845 1378 1077 1435 tempore
1104 1367 1260 1419 debet
1286 1386 1396 1419 esse
1421 1367 1663 1419 velocior.

205 1457 422 1515 Constat
450 1465 623 1507 autem
659 1473 754 1524 per
791 1456 1146 1523 experimenta
1183 1456 1323 1525 quod
1360 1456 1472 1507 soni
1510 1466 1743 1525 tempore
1783 1457 1969 1509 minuti
2006 1458 2157 1510 unius
2195 1478 2274 1511 se-

129 1546 286 1598 cundi
311 1545 484 1596 eundo
511 1544 792 1595 conficiunt
827 1544 988 1612 pedes
1027 1544 1388 1596 Londinenses
1415 1544 1530 1618 plus
1556 1546 1725 1598 minus
1756 1553 1911 1610 1142,
1955 1547 2272 1602 Parisienses

125 1652 251 1691 vero
287 1639 441 1694 1070.
2099 1704 2103 1708 ι

201 1722 427 1795 Cognita
478 1741 722 1774 sonorum
773 1723 1042 1775 velocitate
1092 1724 1419 1776 innotescunt
1471 1725 1625 1776 etiam
1680 1725 1946 1778 intervalla
2009 1727 2269 1795 pulsuum.

129 1813 194 1883 (¹³)
236 1813 443 1865 Invenit
485 1812 664 1881 utique
707 1812 780 1865 D.
824 1813 1071 1875 Sauveur,
1122 1812 1267 1864 fitctis
1308 1833 1338 1864 a
1378 1822 1436 1864 'se
1480 1814 1860 1881 experimentis,
1914 1816 2053 1884 quod
2097 1816 2272 1867 fistula

125 1911 321 1970 aperta,
374 1902 520 1969 cujus
568 1900 841 1971 longitudo
886 1911 962 1952 est
1000 1901 1199 1969 pedum·
1236 1902 1603 1954 Parisiensium
1643 1904 1760 1971 plus
1802 1905 1971 1955 minus
2023 1906 2266 1976 quinque,

124 2008 310 2046 sonum
347 1989 453 2040 edit
490 1988 721 2057 ejusdem
757 1990 867 2040 toni
905 2008 1025 2041 cum
1062 2008 1188 2041 sono
1227 1991 1436 2042 chordae
1474 2009 1589 2061 quae
1631 2002 1863 2061 tempore
1897 1995 2081 2045 minuti
2117 1996 2269 2048 unius

123 2080 338 2133 secundi
378 2080 437 2148 (0)
466 2078 657 2132 centies
695 2080 928 2131 recurrit.
1009 2080 1141 2131 Sunt
1177 2079 1335 2150 igitur
1370 2080 1549 2148 pulsus
1592 2081 1709 2149 plus
1754 2083 1923 2133 minus
1964 2095 2170 2134 centum
2213 2084 2268 2135 in

122 2174 288 2245 spatio
324 2172 519 2242 pedum
558 2172 926 2223 Parisiensium
956 2178 1111 2234 1070,
1153 2190 1281 2241 quos
1316 2190 1473 2223 sonus
1510 2183 1744 2241 tempore
1781 2174 1966 2224 minuti
2005 2176 2157 2226 unius
2186 2195 2266 2227 se-

123 2263 283 2316 cundi
320 2261 603 2331 percurrit3
648 2261 869 2330 ideoque
906 2261 1085 2328 pulsus
1122 2279 1254 2311 unus
1293 2272 1512 2329 occupat
1538 2261 1760 2329 spatium
1784 2262 1976 2330 pedum
2007 2263 2265 2315 Parisien-

119 2354 251 2403 sium
281 2352 426 2421 quasi
455 2349 567 2414 1οΤ7
558 2379 608 2413 5,
637 2351 691 2401 id
716 2361 807 2412 est,
838 2349 1050 2428 duplam
1077 2348 1278 2400 circiter
1307 2349 1686 2419 longitudinem
1712 2349 1916 2402 fistulae.
1996 2352 2060 2419 (d)
2104 2352 2263 2404 Unde

120 2442 408 2495 verosimile
434 2451 513 2493 est
538 2441 680 2511 quod
703 2440 1001 2492 latitudines
1026 2441 1287 2509 pulsuum,
1315 2441 1368 2490 in
1394 2442 1626 2492 omnium
1652 2451 1946 2510 apertarum
1972 2443 2256 2496 fistularum

120 2535 276 2597 sonis,
317 2543 587 2604 aequentur
612 2533 782 2602 duplis
808 2532 1216 2603 longitudinibus
1242 2532 1546 2584 fistularum.
1573 2536 1577 2538 ’

194 2624 365 2676 Porro
398 2642 491 2674 cur
525 2624 638 2674 soni
671 2631 903 2674 cessante
944 2632 1090 2673 motu
1134 2622 1364 2689 corporis
1403 2621 1578 2673 sonori
1621 2623 1791 2674 statim
1834 2633 2050 2687 cessant,
2094 2641 2261 2693 neque

118 2711 312 2764 diutius
357 2713 638 2764 audiuntur
673 2712 764 2763 ubi
805 2709 1102 2782 longissime
1143 2711 1392 2762 distamus
1430 2730 1461 2762 a
1498 2713 1800 2780 corporibus
1839 2713 2054 2776 sonoris,
2106 2712 2260 2783 quam

119 2799 241 2851 cum
265 2799 502 2868 proxime
539 2800 799 2863 absumUS,
840 2807 982 2867 patet
1007 2817 1074 2851 ex
1114 2796 1403 2850 Corollario
1445 2799 1602 2867 Prop.
1632 2800 1871 2852 XLVII.
1913 2800 2060 2852 Libri
2086 2800 2257 2870 hujUS.

174 2978 229 3031 (⁵)
253 2981 273 3003 ³*
295 2980 448 3017 Invenit
475 2980 607 3029 utique
635 2980 691 3018 1).
715 2980 885 3017 Sauveur
912 2977 954 3015 in
988 2975 1163 3016 Historia
1215 2988 1400 3015 numerus
1440 2978 1542 3015 1070
1577 2987 1644 3024 per
1676 2979 1765 3019 243,
1803 2974 1930 3025 prodit
1966 2972 2101 3023 pulsus
2135 2973 2254 3011 unius

122 3032 246 3070 Acad·
273 3032 421 3070 seient«
441 3032 561 3070 Paris·
585 3044 646 3069 ³1¹·
675 3036 790 3070 1700·
1215 3040 1381 3078 latitudo
1409 3039 1495 3089 ped.
1531 3039 1651 3077 Paris.
1685 3028 1744 3075 4
1713 3064 1735 3093 5
1775 3039 1934 3083 circiter,
1968 3039 2006 3076 id
2032 3052 2072 3076 es
2074 3047 2100 3084 t,
2132 3038 2253 3087 dupla

846 3094 849 3096 ’
1216 3093 1365 3131 circiter
1383 3086 1586 3143 longitudo
1604 3092 1756 3130 fistulae.
1804 3092 1879 3130 Est
1893 3100 2022 3129 autem
2041 3093 2081 3128 in
2100 3093 2253 3142 organis

1215 3146 1469 3195 pneumaticis
1500 3145 1629 3183 fistula
1656 3153 1795 3195 aperta,
1827 3158 1914 3195 quae
1941 3152 2044 3194 patet
2070 3144 2110 3181 in
2139 3158 2251 3194 supe-

1215 3199 1305 3237 riori
1323 3207 1362 3237 et
1379 3199 1504 3237 latiori
1537 3206 1720 3245 extremo,
1753 3198 1861 3237 alteri
1888 3211 1966 3248 quo
1992 3198 2056 3235 a'e'r
2083 3198 2252 3235 fistulam

1211 3252 1435 3303 ingreditur,
1456 3252 1643 3301 opposito.
1705 3252 1746 3290 Si
1764 3251 1990 3290 occludatur
2016 3250 2155 3296 fistula,
2185 3262 2252 3289 oc-

1210 3304 1299 3343 tava
1312 3306 1467 3356 gravius
1484 3311 1605 3342 sonat.

1268 3360 1365 3396 Huc
1382 3370 1504 3408 usque
1522 3358 1570 3395 de
1584 3370 1680 3396 sono
1697 3357 1842 3396 directo
1859 3357 1972 3408 plura
1988 3357 2170 3405 diximus,
2199 3356 2249 3395 de

1211 3410 1354 3449 reflexo
1372 3423 1495 3460 pauca
1511 3410 1758 3462 adjungenda
1776 3420 1878 3450 sunt.

175 3116 231 3168 (⁰)
254 3120 275 3141 ’⁴‘
301 3120 446 3157 Centies
464 3120 641 3163 recurrit,
669 3119 743 3157 hoc
761 3126 818 3156 est
836 3126 992 3156 centum
1014 3118 1162 3156 oscilla-

119 3168 246 3207 tiones
265 3183 311 3207 ex
331 3171 389 3208 itu
414 3178 452 3208 et
478 3171 605 3209 reditu
634 3172 862 3221 compositas
893 3179 1065 3220 tempore
1088 3172 1163 3208 mi-

119 3222 207 3259 nuti
226 3223 343 3260 unius
360 3224 520 3261 secundi
539 3224 710 3262 absolvit.
771 3224 885 3262 Idem
907 3225 961 3262 D.
987 3225 1159 3262 Sauveur

117 3274 161 3311 in
190 3263 460 3316 Monumentis
488 3277 611 3315 Acad.
639 3278 759 3315 Paris.
782 3290 843 3315 an.
871 3282 984 3317 1713.
1009 3276 1157 3315 oscilla

120 3328 244 3366 tiones
266 3332 336 3367 101
359 3329 420 3367 vel
441 3333 514 3367 102
535 3342 604 3379 pro
622 3330 795 3381 ejusdem
815 3329 954 3369 fistulae
972 3342 1068 3368 sono
1087 3342 1156 3380 po·

119 3380 208 3418 suit.

173 3463 226 3515 (ὁ)
249 3466 271 3489 *
302 3467 412 3504 Unde
423 3467 636 3505 verosimile
661 3474 727 3512 est,
755 3467 823 3505 ἃς.
878 3465 988 3504 Idem
1018 3465 1158 3504 confir-

122 3524 251 3554 matur
283 3517 358 3555 alio
385 3520 647 3567 experimento
676 3520 846 3579 ejusdem
883 3520 936 3557 D.
972 3520 1157 3566 Sauveur,

119 3569 188 3618 qui
206 3569 291 3607 loco
319 3583 407 3608 mox
437 3571 552 3608 citato
579 3573 725 3610 invenit
746 3573 849 3623 quod
869 3572 998 3609 fistula
1016 3581 1158 3621 aperta,
1537 3571 1921 3612 PROPOSITIO.

119 3621 233 3681 cujus
263 3623 469 3674 longitudo
497 3631 554 3661 est
588 3624 731 3672 pedum
768 3625 1044 3663 Parisiensium
1072 3626 1161 3673 plus

121 3675 252 3711 minus
283 3680 319 3719 2,
354 3689 496 3713 sonum
527 3676 607 3714 edit
633 3690 667 3727 eJ
658 3677 806 3715 usdem
834 3679 914 3715 toni
946 3690 1037 3715 cum
1066 3690 1160 3715 sono
1270 3683 1362 3717 320.
1406 3678 1533 3716 Sonus
1564 3678 1770 3728 percipitur
1799 3686 1984 3728 tanquam
2016 3688 2062 3715 ex
2091 3689 2138 3715 eo
2166 3676 2252 3714 loco

116 3726 270 3766 chordae
287 3740 375 3778 quae
403 3733 482 3767 243
509 3691 766 3768 oscillationes
795 3731 961 3781 integras
987 3738 1158 3779 tempore
1212 3732 1423 3781 procedens
1440 3744 1487 3769 ex
1507 3744 1585 3781 quo
1603 3733 1711 3781 quasi
1738 3740 1869 3769 centro
1897 3731 2031 3780 pulsus
2049 3731 2145 3768 a'eris
2163 3743 2251 3779 pro-

116 3778 258 3817 minuti
277 3782 395 3820 unius
412 3782 571 3820 secundi
588 3782 745 3832 perficit.
791 3783 908 3822 Unde
921 3784 954 3821 si
967 3783 1160 3822 dividatur
1212 3792 1414 3835 pagantur.
1477 3785 1635 3823 Constat
1653 3783 1897 3834 experientia.

1144 3852 1227 3891 T4
