2502 4192
157 298 337 350 LIBER
366 299 640 359 SECUND.]
722 290 1123 348 PRINCIPIA
1173 292 1790 347 MATHEMATICA.

2223 298 2290 350 57

223 440 386 491 Corol.
415 444 464 489 6.
521 435 667 488 Hinc
693 454 759 486 ex
801 435 924 487 dato
969 444 1200 504 tempore
1240 434 1392 486 datur
1429 433 1653 502 spatium
1690 449 1904 485 ascensu
1932 429 2014 482 vel
2039 430 2291 483 descensu

148 526 480 594 descriptum.

558 524 696 575 Nam
722 524 953 592 corporis
978 524 1033 574 in
1058 524 1321 575 infinitum
1347 523 1707 575 descendentis
1733 522 1886 574 datur
1910 520 2154 572 velocitas
2179 537 2289 571 ma-

144 617 285 668 xima
305 620 420 685 (per
442 612 616 667 Corol.
636 621 688 665 2.
710 625 761 666 et
788 623 835 667 3.
865 614 1060 666 Theor.
1080 615 1177 667 VI.
1200 615 1318 667 Lib.
1339 615 1435 680 II.)
1459 616 1523 684 (Π)
1545 615 1766 684 indeque
1787 614 1940 665 datur
1959 622 2163 680 tempus
2184 629 2289 680 quo

144 726 331 776 corpus
368 706 690 758 velocitatem
716 706 859 757 illam
885 706 939 756 in
966 706 1132 775 spatio
1169 724 1275 757 non
1313 707 1582 758 resistente
1624 704 1860 757 cadendo
1903 712 2075 773 posset
2114 702 2291 771 acqui-

142 813 273 847 rere.

349 794 420 846 Et
446 793 698 845 sumendo
736 803 983 845 sectorem
1016 794 1064 845 A
1090 793 1146 846 D
1174 794 1225 845 T
1250 794 1330 847 vel
1358 795 1408 846 A
1437 795 1493 846 D
1519 805 1540 845 t
1566 794 1631 845 ad
1657 793 1973 864 triangulum
2000 793 2051 844 A
2077 792 2132 844 D
2163 791 2208 842 C
2234 791 2290 857 in

141 880 339 937 ratione
371 884 618 952 temporis
665 883 772 935 dati
797 882 863 934 ad
897 893 1099 951 tempus
1124 884 1283 934 modo
1308 884 1602 946 inventum3
1644 885 1709 951 (Χ)
1732 883 1939 935 dabitur
1965 893 2074 933 tum
2099 880 2288 932 veloci-

141 984 219 1024 tas
264 973 314 1023 A
336 972 381 1023 P
418 972 498 1022 vel
537 972 588 1023 A
613 989 665 1039 p,
710 971 774 1039 (5)
802 980 911 1022 tum
937 989 1057 1022 area
1092 971 1141 1021 A
1170 971 1217 1021 B
1245 971 1298 1022 N
1328 971 1381 1022 K
1417 970 1499 1022 vel
1543 972 1593 1022 A
1623 971 1669 1022 B
1695 990 1730 1021 n
1755 972 1807 1033 k,
1854 972 1916 1040 (Ζ)
1946 989 2063 1040 quae
2105 980 2187 1033 est
2219 968 2287 1020 ad

142 1073 390 1116 sectorem
417 1063 468 1114 A
495 1063 550 1115 D
578 1062 630 1114 T
653 1062 733 1113 vel
760 1062 811 1113 A
837 1062 893 1113 D
919 1071 941 1113 t
977 1072 1034 1113 ut
1071 1061 1294 1130 spatium
1332 1062 1604 1131 quaesitum
1630 1061 1696 1112 ad
1723 1061 1960 1128 spatium,
1991 1061 2131 1131 quod
2157 1072 2285 1113 tem-

138 1259 335 1298 resistente
360 1266 531 1308 tempore
567 1259 605 1296 A
626 1266 642 1297 t
664 1258 705 1297 D
737 1258 1011 1309 extinguenda,
1046 1265 1102 1296 est
1129 1258 1178 1296 ad

139 1313 378 1351 velocitatem
405 1312 541 1350 eodem
567 1319 738 1360 tempore
757 1313 798 1350 in
816 1312 937 1361 spatio
962 1324 1040 1349 non
1069 1312 1178 1349 resis-

139 1373 246 1404 tente
275 1364 577 1417 extinguendam
607 1373 653 1403 ut
674 1365 916 1417 triangulum
951 1367 988 1403 A
1009 1378 1034 1414 p
1057 1366 1098 1403 D
1130 1365 1180 1403 ad

140 1416 333 1457 sectorem'
348 1419 387 1456 A
406 1426 422 1456 t
443 1419 509 1465 D;
541 1426 579 1457 et
606 1418 721 1457 etiam
740 1427 785 1457 ut
806 1426 959 1468 tempus
976 1431 1055 1469 quo
1073 1419 1177 1456 velo-

138 1472 231 1510 citas
252 1472 290 1509 A
309 1485 336 1521 p
353 1471 394 1508 in
413 1472 535 1520 spatio
560 1484 638 1509 non
667 1472 863 1510 resistente
890 1471 1179 1522 extingueretur

137 1524 188 1562 ad
218 1533 372 1572 tempus
402 1526 440 1562 A
460 1534 477 1561 t
498 1524 539 1562 D
566 1536 644 1574 quo
661 1525 780 1563 altera
797 1525 978 1562 velocitas
997 1525 1037 1561 in
1057 1525 1179 1573 spatio

136 1590 216 1614 non
235 1577 432 1615 resistente
450 1576 691 1627 extinguitur
708 1576 814 1628 quod
827 1578 930 1615 idem
950 1586 1006 1615 est
1024 1590 1115 1614 curn
1135 1590 1181 1615 eo

137 1643 215 1679 quo
241 1630 421 1668 velocitas
451 1631 489 1667 A
508 1643 534 1679 p
561 1631 603 1667 in
629 1631 751 1679 spatio
769 1630 965 1668 resistente
984 1630 1178 1681 extingui-

136 1691 211 1721 tur.
275 1684 407 1728 Quare
424 1690 576 1732 tempus
594 1696 672 1734 quo
682 1684 863 1722 velocitas
887 1685 922 1721 A
938 1696 973 1732 p,
995 1684 1035 1720 in
1055 1684 1179 1732 spatio

135 1748 216 1773 non
242 1737 440 1775 resistente
459 1744 698 1775 evanesceret
715 1744 772 1775 est
790 1737 837 1775 ad
857 1744 1009 1785 tempus
1041 1739 1077 1773 A
1098 1746 1115 1774 t
1136 1738 1177 1775 D

135 1801 214 1839 quo
248 1790 288 1827 in
314 1789 435 1838 spatio
462 1790 658 1828 resistente
689 1790 978 1841 extingueretur
995 1797 1040 1827 ut
1059 1790 1177 1827 trian-

135 1843 276 1893 gulum
300 1843 337 1881 A
353 1856 379 1891 p
396 1843 450 1889 D,
472 1843 521 1881 ad
541 1851 727 1881 sectorem
751 1846 786 1881 A
808 1851 825 1881 t
846 1844 898 1889 D,
920 1843 997 1880 sive
1015 1851 1179 1894 tangens

140 1897 177 1933 A
197 1909 224 1945 p
250 1896 299 1934 ad
330 1896 416 1947 ejus
443 1909 578 1935 arcum
601 1897 637 1934 A
656 1903 684 1935 t.
746 1897 860 1935 Patet
887 1894 980 1947 ergo
1007 1897 1178 1945 proposi-

133 1956 232 1987 tum.

187 2036 251 2071 95.
285 2030 396 2069 Hinc
413 2037 569 2080 tempus
586 2043 665 2082 quo
683 2044 822 2081 corpus
834 2030 1074 2070 velocitatem
1096 2032 1134 2070 A
1150 2046 1176 2083 p

133 2083 175 2121 in
205 2083 333 2123 medio
352 2084 556 2122 resistente
584 2084 827 2123 ascendendo
845 2085 1018 2123 amittere
1038 2094 1172 2133 potest,

132 2145 189 2176 est
214 2137 265 2175 ad
291 2144 445 2186 tempus
470 2150 548 2188 quo
574 2137 813 2176 velocitatem
840 2139 1050 2175 maximam
1081 2140 1116 2176 A
1141 2140 1173 2178 C

134 2191 177 2227 in
205 2190 327 2240 spatio
357 2203 438 2229 non
473 2191 670 2229 resistente
705 2191 949 2229 ascendendo
984 2192 1176 2231 amitteret

131 2243 194 2283 vel
226 2242 494 2282 descendendo
517 2244 728 2294 acquireret
759 2252 805 2283 ut
831 2251 953 2282 sector
979 2244 1175 2284 circularis

138 2298 173 2335 A
195 2304 211 2335 t
232 2298 287 2343 D,
308 2297 357 2335 ad
375 2297 616 2348 triangulum
640 2297 742 2335 A'D
761 2297 806 2344 C,
828 2309 895 2335 seu
915 2305 959 2335 ut
978 2311 1088 2336 arcus
1106 2300 1143 2337 A
1158 2307 1175 2338 t

131 2350 181 2388 ad
199 2350 353 2388 radium
375 2351 414 2388 A
437 2352 489 2389 D.
551 2350 658 2388 Nam
676 2350 717 2388 in
730 2350 860 2390 medio
878 2363 958 2388 non
976 2352 1175 2392 resistente

131 2404 311 2441 velocitas
332 2404 370 2442 A
382 2416 409 2453 p
426 2411 483 2441 est
501 2402 550 2441 ad
569 2403 811 2441 velocitatem
833 2404 870 2442 A
890 2404 936 2451 C,
957 2412 1002 2443 ut
1021 2413 1174 2455 tempus

134 2457 173 2494 A
194 2470 218 2506 p
245 2458 295 2502 D,
324 2469 403 2507 quo
426 2464 632 2508 generatur
650 2457 711 2495 vel
729 2457 969 2509 extinguitur
994 2459 1174 2498 velocitas

133 2511 172 2548 A
184 2523 223 2559 p,
239 2509 289 2548 ad
302 2517 453 2560 tempus
467 2523 545 2562 quo
559 2517 766 2561 generatur
779 2512 839 2550 vel
855 2512 1095 2563 extinguitur
1109 2526 1171 2552 ve-

821 2566 858 2603 A
883 2566 916 2603 C
940 2571 980 2611 ><
1008 2566 1046 2602 A
1066 2579 1092 2614 p
1115 2567 1156 2604 D

941 2632 979 2669 A
1000 2644 1026 2679 p
1159 2627 1171 2647 '

130 2681 285 2774 {UD-{C
299 2683 337 2719 A
378 2682 420 2720 D
459 2686 504 2728 ><
547 2682 586 2720 A
622 2682 669 2728 C,
707 2683 781 2721 hoc
817 2690 885 2729 est,
933 2684 1174 2736 triangulum

184 2819 288 2858 Cum
306 2818 426 2870 igitur
443 2827 596 2868 tempus
614 2832 693 2871 quo
712 2820 893 2859 velocitas
917 2823 953 2861 A
972 2836 1010 2872 p,
1031 2824 1072 2862 in
1090 2838 1172 2864 me.

128 2871 193 2910 dio
211 2872 408 2911 resistente
426 2873 680 2923 extinguitur,
711 2883 929 2924 exponatur
955 2889 1024 2925 per
1049 2887 1170 2917 secto-

126 2937 210 2964 rem
230 2926 269 2964 A
288 2932 306 2963 t
328 2926 382 2972 D,
403 2933 508 2975 patet
527 2926 778 2975 propositum.

129 2595 262 2634 locitas
291 2595 330 2633 A
353 2595 398 2642 C,
428 2594 533 2647 quod
552 2594 713 2645 proinde
730 2595 803 2635 erit

180 3014 243 3053 94.
292 3010 467 3060 Tempus
493 3023 572 3061 quo
599 3022 740 3061 corpus
757 3012 799 3052 in
817 3013 947 3052 medio
973 3015 1171 3056 resistente

128 3063 398 3102 descendendo
411 3063 572 3114 acquirit
583 3064 826 3105 velocitatem
844 3068 883 3106 A
902 3067 947 3112 P,
964 3069 1025 3107 vel
1038 3082 1170 3108 ascen-

126 3116 256 3155 dendo
290 3116 433 3155 amittit
458 3116 699 3156 velocitatem
728 3121 768 3158 A
785 3133 824 3169 p,
857 3128 915 3159 est
940 3121 991 3160 ad
1018 3130 1172 3173 tempus

126 3182 205 3220 quo
231 3170 395 3208 eandem
411 3170 656 3209 velocitatem
674 3171 717 3209 in
729 3173 859 3213 medio
876 3187 956 3212 non
974 3176 1171 3216 resistente

125 3223 290 3273 acquirit
306 3223 368 3260 vel
385 3223 538 3270 amittit,
558 3231 605 3262 ut
621 3232 745 3264 sector
766 3227 805 3265 A
821 3227 862 3265 D
880 3228 929 3275 T,
949 3229 1009 3267 vel
1032 3233 1070 3267 A
1086 3230 1127 3268 D
1140 3239 1167 3277 t,

125 3275 176 3313 ad
194 3275 433 3326 triangulum
463 3276 502 3315 A
525 3277 566 3315 D
589 3277 635 3322 P,
663 3278 726 3317 vel
756 3279 795 3317 A
817 3280 859 3318 D
877 3294 917 3330 p,
945 3283 1163 3332 respective.

129 3328 289 3366 Etenim
316 3331 402 3379 (per
425 3329 512 3367 Cor.
532 3332 568 3368 5.
592 3338 632 3369 et
649 3339 729 3371 not.
755 3333 836 3382 93.)
858 3342 1012 3384 tempus
1029 3349 1109 3387 quo
1126 3337 1168 3376 in

125 3381 255 3420 medio
272 3381 469 3420 resistente
487 3391 693 3433 generatur
702 3385 883 3425 velocitas
904 3388 944 3426 A
959 3389 1007 3434 P,
1027 3390 1089 3428 vel
1103 3403 1169 3428 ex-

126 3434 318 3486 tinguitur
346 3434 526 3473 velocitas
560 3438 599 3476 A
628 3449 666 3487 p,
699 3446 758 3477 est
785 3439 835 3478 ad
852 3447 1005 3492 tempus
1022 3455 1101 3493 quo
1127 3444 1169 3483 in

125 3489 248 3536 spatio
277 3500 356 3526 non
382 3487 580 3527 resistente
605 3500 810 3541 generatur
841 3494 903 3532 vel
929 3496 1170 3546 extinguitur

126 3540 306 3579 velocitas
333 3540 504 3579 maxima
535 3543 572 3580 A
599 3544 644 3588 C,
673 3552 718 3582 ut
747 3548 785 3583 A
809 3547 851 3584 D
873 3548 909 3585 T
936 3549 996 3586 vel
1019 3551 1057 3587 A
1081 3550 1122 3588 D
1142 3558 1170 3599 t,

127 3593 176 3630 ad
198 3595 237 3631 A
261 3595 303 3633 D
326 3595 384 3641 C;
416 3601 455 3631 et
482 3602 634 3643 tempus
659 3609 738 3647 quo
761 3599 802 3636 in
825 3600 946 3648 spatio
964 3615 1043 3639 non
1062 3604 1172 3641 resis-

128 3654 233 3685 tente
261 3655 469 3698 generatur
500 3648 560 3685 vel
588 3650 829 3700 extinguitur
855 3652 1034 3693 velocitas
1066 3657 1102 3694 A
1125 3658 1170 3703 C,

127 3706 186 3736 est
211 3700 262 3737 ad
289 3708 442 3749 tempus
459 3714 537 3750 quo
555 3711 762 3751 generatur
781 3705 839 3742 vel
860 3707 1101 3757 extinguitur
1126 3709 1168 3747 in

125 3752 261 3790 eodem
287 3754 409 3803 spatio
436 3766 513 3791 non
543 3755 752 3803 resistente,
785 3758 963 3797 velocitas
986 3762 1023 3798 A
1048 3761 1082 3799 P
1110 3765 1169 3802 vel

1238 1259 1273 1297 A
1295 1271 1333 1307 p,
1354 1265 1398 1296 ut
1423 1258 1458 1294 A
1483 1257 1514 1294 C
1535 1257 1583 1294 ad
1608 1258 1643 1294 A
1668 1257 1702 1295 P
1721 1258 1781 1295 vel
1807 1258 1839 1296 A
1862 1270 1899 1306 p,
1931 1263 1969 1295 et
1995 1253 2149 1303 sumpta
2177 1267 2284 1292 com-

1231 1312 1343 1349 muni
1369 1310 1574 1350 altitudine
1604 1310 1645 1348 D
1670 1312 1704 1348 A
1736 1318 1779 1349 ut
1818 1313 1852 1348 A
1876 1312 1916 1348 D
1940 1310 1972 1348 C
1993 1310 2042 1346 ad
2061 1310 2099 1344 A
2119 1305 2154 1343 P
2170 1306 2212 1343 D
2228 1308 2288 1345 vel

1239 1366 1278 1403 A
1299 1378 1325 1414 p
1349 1366 1402 1403 D.
1466 1365 1599 1409 Quare
1628 1366 1693 1416 (ex
1714 1364 1842 1415 aequo)
1872 1371 2027 1411 tempus
2045 1375 2123 1412 quo
2141 1366 2182 1399 in
2201 1375 2284 1399 me-

1232 1419 1297 1457 dio
1324 1418 1522 1456 resistente
1549 1425 1756 1468 generatur
1783 1416 1964 1455 velocitas
1996 1421 2033 1454 A
2058 1417 2104 1462 P,
2134 1416 2195 1453 vel
2215 1428 2282 1453 ex-

1231 1472 1424 1523 tinguitur
1441 1471 1622 1509 velocitas
1644 1472 1681 1508 A
1701 1484 1740 1520 p,
1766 1478 1824 1508 est
1840 1470 1890 1508 ad
1908 1478 2061 1518 tempus
2079 1482 2156 1520 quo
2177 1469 2284 1507 velo-

1233 1525 1328 1563 citas
1360 1525 1494 1562 eadem
1514 1524 1554 1560 in
1574 1524 1697 1572 spatio
1724 1537 1803 1561 non
1830 1523 2028 1561 resistente
2055 1521 2283 1571 producitur

1234 1577 1296 1676 EI
1313 1576 1514 1669 amgttitur,
1535 1585 1580 1615 ut
1602 1578 1640 1614 A
1664 1578 1706 1615 D
1727 1577 1764 1616 T
1782 1577 1832 1616 ad
1854 1577 1891 1614 A
1911 1577 1951 1614 D
1975 1576 2023 1623 P,
2043 1576 2104 1613 vel
2126 1577 2165 1613 A
2184 1576 2224 1613 D
2238 1588 2276 1625 p.

1277 1658 1287 1668 .
1310 1643 1341 1668 e.
1392 1657 1402 1668 .

1286 1704 1350 1741 95.
1394 1701 1434 1739 Si
1462 1700 1635 1738 celeritas
1665 1701 1703 1738 A
1723 1713 1750 1749 p
1777 1700 1944 1750 corporis
1961 1700 2003 1737 in
2022 1699 2151 1737 medio
2169 1699 2281 1739 resis-

1231 1762 1337 1793 tente
1365 1753 1604 1793 ascendentis
1630 1755 1810 1792 maximae
1841 1755 1879 1791 A
1903 1754 1935 1792 C
1963 1753 2120 1803 aequalis
2149 1753 2279 1801 fuerit,

1232 1808 1304 1847 erit
1325 1809 1363 1846 A
1387 1808 1428 1846 D
1447 1821 1473 1856 p
1491 1823 1548 1843 =
1572 1808 1610 1844 A
1634 1808 1674 1845 D
1699 1808 1743 1854 C,
1765 1815 1804 1845 et
1822 1815 1946 1845 sector
1967 1807 2005 1844 A
2029 1806 2069 1844 D
2089 1814 2116 1850 t,
2146 1807 2280 1846 circuli

1232 1870 1375 1899 octans.
1440 1862 1571 1905 Quare
1588 1869 1742 1909 tempus
1760 1873 1838 1911 quo
1856 1873 1995 1909 corpus
2012 1859 2053 1897 in
2072 1860 2202 1898 medio
2219 1874 2280 1900 re-

1232 1915 1388 1953 sistente
1417 1913 1659 1952 ascendendo
1685 1915 1859 1952 amittere
1886 1921 2010 1962 potest
2038 1913 2278 1953 velocitatem

1231 1969 1440 2006 maximam
1474 1969 1513 2004 A
1537 1968 1569 2005 C
1602 1974 1660 2004 est
1684 1968 1734 2005 ad
1760 1976 1914 2016 tempus
1941 1980 2019 2017 quo
2046 1966 2210 2005 eandem
2236 1969 2279 2006 in

1232 2022 1355 2070 spatio
1373 2033 1453 2058 non
1472 2021 1669 2058 resistente
1696 2021 1896 2064 amitteret,
1930 2028 1975 2058 ut
1994 2020 2128 2061 circuli
2147 2029 2279 2059 octans

1228 2074 1279 2112 ad
1310 2073 1552 2125 triangulum
1584 2074 1622 2111 A
1644 2073 1685 2111 D
1708 2074 1753 2118 C,
1784 2074 1858 2111 hoc
1877 2081 1945 2120 est,
1975 2081 2020 2111 ut
2039 2086 2125 2111 area
2144 2074 2278 2113 circuli

1228 2127 1278 2165 ad
1304 2127 1535 2179 quadratum
1555 2126 1899 2175 circumscriptum,
1930 2140 1998 2165 seu
2018 2127 2132 2165 etiam
2154 2134 2197 2165 ut
2216 2127 2276 2166 8²·

1227 2193 1314 2230 pars
1331 2180 1554 2230 peripheriae
1573 2179 1623 2218 ad
1640 2179 1804 2218 radium.

1282 2249 1339 2301 (¹¹)
1369 2254 1434 2288 96.
1468 2247 1641 2299 Indeque
1672 2251 1788 2287 datur
1815 2256 1976 2298 tempus.
2040 2249 2144 2287 Cum
2171 2249 2277 2288 enim

1228 2302 1325 2341 vires
1343 2301 1624 2340 acceleratrices
1641 2300 1866 2346 uniformes,
1901 2301 1977 2340 sint
1995 2308 2040 2339 ut
2058 2302 2277 2342 velocitates

1228 2368 1323 2406 quas
1351 2362 1540 2406 generant
1572 2354 1714 2393 oirecte
1742 2362 1781 2394 et
1813 2364 1987 2404 tempora
2018 2356 2160 2406 quibus
2190 2357 2277 2396 illas

1228 2417 1415 2460 generant
1444 2407 1591 2447 inverse
1612 2410 1693 2460 (13.
1720 2409 1809 2447 Lib.
1835 2408 1893 2458 I.)
1923 2408 2013 2447 data
2031 2409 2068 2446 vi
2087 2410 2274 2448 accelera-

1227 2462 1321 2501 trice
1348 2462 1534 2501 uniformi
1554 2462 1630 2512 qua
1650 2475 1788 2511 corpus
1806 2463 1848 2499 in
1866 2462 1996 2499 medio
2015 2463 2150 2513 quovis
2169 2464 2277 2502 solli-

1226 2516 1377 2562 citatur,
1390 2529 1458 2554 seu
1473 2514 1562 2553 data
1577 2516 1633 2554 vis
1647 2516 1752 2553 illius
1766 2516 1912 2554 ratione
1926 2515 1976 2553 ad
1990 2523 2122 2554 notam
2137 2530 2275 2567 quam-

1227 2569 1320 2608 libet
1349 2569 1466 2607 aliam
1492 2569 1572 2606 vim
1590 2582 1624 2606 v.
1649 2582 1706 2621 gr.
1729 2570 1779 2607 ad
1805 2581 2011 2617 corporum
2036 2572 2275 2608 terrestrium

1227 2623 1466 2673 gravitatem,
1499 2622 1664 2673 danique
1693 2623 1810 2660 simul
1841 2622 2042 2661 velocitate
2070 2637 2189 2674 quam
2218 2624 2275 2662 vis

1227 2676 1295 2714 illa
1325 2676 1568 2714 acceleratrix
1602 2676 1796 2725 produxit,
1829 2676 1983 2714 dabitur
2011 2685 2164 2725 tempus
2196 2691 2274 2728 quo

1227 2730 1407 2767 velocitas
1435 2729 1503 2767 illa
1533 2729 1622 2767 data
1648 2730 1780 2781 genita
1806 2737 1874 2768 est.
1936 2730 1993 2767 Sit
2011 2730 2116 2767 enim
2135 2730 2190 2768 vis
2208 2744 2272 2768 ac-

1227 2783 1426 2821 celerati-ix
1446 2783 1536 2821 data
1552 2783 1603 2820 ad
1620 2784 1700 2821 vim
1723 2791 1855 2821 notam
1882 2783 2090 2834 gravitatis,
2119 2791 2164 2821 ut
2182 2798 2205 2822 a
2223 2784 2274 2822 ad

1225 2837 1263 2881 b,
1295 2836 1475 2874 velocitas
1502 2836 1591 2874 data
1618 2837 1655 2874 vi
1682 2836 1750 2874 illa
1768 2837 2029 2875 acceleratrice
2049 2845 2220 2885 tempore
2246 2850 2273 2875 x

1225 2889 1356 2941 genita
1375 2902 1408 2937 c,
1429 2897 1468 2928 et
1486 2889 1665 2928 velocitas
1683 2903 1800 2940 quam
1818 2891 1875 2928 vis
1892 2891 2087 2942 gravitatis
2101 2897 2274 2940 tempore

1225 2974 1360 3026 quovis
1386 2975 1477 3015 dato
1502 2983 1520 3013 t
1546 2983 1704 3028 generat
1736 2977 1781 3024 C,
1813 2976 1885 3014 erit
1903 2989 1954 3015 a:
1974 2978 1999 3015 b
2016 2992 2074 3014 =
2089 2957 2138 3006 -Ξ
2162 2995 2171 3018 :
2212 2945 2245 2982 C
2270 2971 2274 2976 ⁵

2102 3020 2273 3065 ΧᾺῐι

1863 3064 1965 3101 bct

1873 3143 1897 3167 a
1919 3123 1975 3168 C'

1258 3195 1347 3248 (Χ)
1375 3199 1396 3221 *
1432 3198 1602 3236 Dabitur
1629 3205 1715 3236 tum
1743 3200 1914 3237 velocitas
1942 3199 1986 3237 A.
2012 3201 2059 3244 P.
2090 3201 2146 3238 vel
2172 3201 2266 3250 Ap.

1225 3249 1325 3302 (Per
1347 3250 1435 3289 Cor.
1459 3254 1497 3289 5.
1519 3258 1557 3289 et
1575 3259 1645 3288 not
1665 3251 1751 3301 92.)

1276 3320 1336 3372 (y)
1359 3323 1381 3344 ¹²
1409 3323 1513 3361 Tum
1532 3336 1620 3360 area
1640 3324 1679 3360 A
1703 3325 1743 3361 B
1763 3325 1938 3362 NKvel
1956 3325 1995 3361 A
2014 3326 2053 3362 B
2071 3339 2099 3363 η
2118 3326 2152 3362 lc.
2196 3325 2271 3362 Est

1223 3374 1326 3411 enim
1367 3375 1432 3424 (ex
1470 3374 1570 3412 dem.
1617 3375 1735 3425 Prop.
1778 3376 1931 3427 VIII.)
1970 3378 2008 3415 A
2040 3378 2072 3415 C
2106 3392 2115 3416 ε
2156 3377 2192 3414 Α
2235 3378 2272 3415 Ρ

1223 3427 1431 3466 =AP:
1460 3428 1689 3473 AK,etA
1719 3430 1781 3468 C:
1811 3429 2098 3479 Ap=Apt
2127 3431 2270 3474 Ak‚et

1222 3478 1311 3518 ideo
1338 3479 1437 3519 datis
1469 3483 1504 3519 A
1531 3482 1563 3520 C
1583 3489 1622 3519 et
1639 3482 1676 3520 A
1705 3483 1738 3520 P
1757 3482 1818 3520 vel
1842 3487 1877 3521 A
1897 3497 1923 3532 p
1952 3485 2148 3521 dabuntur
2170 3485 2207 3520 A
2229 3483 2269 3520 K

1225 3534 1286 3571 vel
1322 3534 1358 3571 A
1388 3533 1427 3579 k,
1461 3542 1500 3572 et
1530 3547 1628 3572 areae
1658 3538 1997 3584 correspondentes
2029 3539 2067 3574 A
2091 3538 2125 3574 B
2150 3537 2188 3574 N
2212 3536 2266 3582 K,

1229 3588 1267 3624 A
1291 3586 1326 3624 B
1346 3599 1373 3623 n
1392 3586 1431 3633 k,
1458 3599 1546 3637 quae
1570 3600 1639 3636 per
1657 3589 1806 3627 tabulas
1824 3591 2142 3642 logarithmorum
2162 3589 2268 3627 inve-

1227 3640 1301 3677 niri
1320 3647 1493 3689 possunt.
1520 3642 1628 3692 (584.
1654 3642 1741 3680 Lib.
1769 3643 1825 3693 1.)

1277 3711 1337 3763 (²)
1359 3714 1380 3736 *
1408 3714 1503 3755 Qua·
1520 3720 1573 3751 est
1592 3716 1643 3752 ad
1659 3723 1836 3755 sectorem
1857 3717 1895 3754 A
1913 3718 1957 3755 D
1977 3717 2021 3761 Τ,
2041 3716 2097 3753 vel
2116 3715 2155 3752 A
2173 3714 2217 3753 D
2237 3721 2263 3752 t.

1226 3765 1327 3816 (Per
1350 3764 1437 3803 Cor.
1467 3770 1498 3803 1.
1523 3772 1561 3803 et
1581 3767 1643 3816 2.)

2194 2999 2244 3006 —

1228 3092 1345 3133 Unde
1364 3093 1559 3152 invepitur
1575 3102 1730 3145 tempus
1747 3107 1772 3132 x
1790 3111 1848 3133 =
