2502 4192
135 270 313 323 mez
341 270 613 332 Saeuum]
695 266 1099 320 PRINCIPIA
1141 264 1766 321 MATHEMATICA.
2171 271 2277 323 217

131 430 280 464 suum
304 418 556 479 perpetuo
582 417 763 473 servet,
804 410 863 479 (Γ)
892 419 943 461 et
967 408 1155 479 glacies
1181 408 1404 480 quietem
1430 425 1593 460 suam.
1670 406 1736 460 In
1762 406 2095 476 sequentibus
2118 407 2280 480 igitur

131 501 195 553 sit
232 502 269 554 S
296 500 348 552 T
372 500 620 551 diameter
656 499 920 551 foraminis
958 500 1221 551 circularis
1259 509 1438 551 centro
1466 500 1508 551 Z
1536 498 1781 567 descripti
1823 515 1919 566 per
1956 497 2103 568 quod
2140 508 2279 551 cata-

54 619 61 624 <
132 601 269 642 racta
294 589 453 642 effluit
477 608 544 641 ex
568 609 688 642 vase
714 590 804 641 ubi
830 609 963 660 aqua
988 599 1096 642 tota
1121 591 1175 641 in
1202 610 1320 642 vase
1345 590 1506 641 fluida
1530 599 1624 641 est.
1691 589 1763 640 Et
1788 588 1854 640 sit
1881 587 1928 639 E
1958 588 2002 639 F
2027 587 2280 640 diameter

96 679 388 731 .foraminis
412 697 508 748 per
534 679 673 750 quod
698 689 952 731 cataracta
989 681 1223 732 cadendo
1260 679 1529 751 adaequate
1566 679 1765 742 transit,
1813 679 1918 730 sive
1956 697 2090 748 aqua
2128 687 2281 730 exeat

129 788 194 821 ex
221 789 337 822 vase
361 788 456 839 per
480 771 711 822 foramen
736 770 866 821 illud
892 771 1127 838 superius
1158 772 1196 823 S
1224 770 1290 833 T,
1320 770 1423 820 sive
1451 769 1602 821 cadat
1625 787 1720 837 per
1746 768 1976 820 medium
2000 768 2185 839 glaciei
2221 768 2278 819 in

127 878 246 911 vase
278 869 524 929 tanquam
561 878 657 929 per
692 858 1091 911 infundibulum.
1169 859 1240 911 Et
1282 859 1349 911 sit
1391 858 1646 910 diameter
1680 857 1948 910 foraminis
1994 857 2277 926 superioris

131 949 168 1001 S
195 948 247 1000 T
271 948 337 1000 ad
363 949 669 1001 diametrum
712 948 967 1000 inferioris
996 949 1044 1001 E
1073 949 1118 1000 F
1142 958 1201 1001 ut
1228 955 1294 1001 25
1324 947 1391 1000 ad
1417 955 1478 999 21
1515 947 1734 1010 circiter,
1761 957 1833 999 ‘et
1869 947 2114 999 distantia
2156 966 2278 1016 per-

124 1039 468 1108 pendicularis
493 1040 628 1092 inter
651 1039 807 1108 plana
826 1039 1139 1103 foraminum
1163 1039 1376 1110 aequalis
1405 1038 1470 1090 sit
1495 1038 1750 1090 diametro
1774 1037 2041 1094 foraminis
2061 1036 2277 1088 minoris

128 1128 175 1180 E
204 1129 262 1180 F.
339 1129 410 1181 Et
449 1129 689 1181 velocitas
728 1147 878 1200 aquae
915 1149 943 1182 e
979 1148 1099 1181 vase
1134 1147 1230 1198 per
1267 1129 1502 1181 foramen
1548 1129 1586 1181 S
1614 1128 1666 1180 T
1706 1128 1942 1179 exeuntis
1987 1145 2048 1177 ea
2091 1127 2187 1177 erit
2222 1126 2278 1177 in

121 1218 237 1287 ipso
273 1217 522 1270 foramine
556 1219 797 1271 deorsum
838 1236 993 1287 quam
1038 1237 1225 1289 corpus
1263 1218 1499 1271 cadendo
1532 1237 1562 1269 a
1593 1217 1809 1269 dimidio
1854 1216 2136 1268 altitudinis
2177 1216 2204 1267 I
2234 1216 2278 1287 Z

123 1309 389 1378 acquirere
428 1319 625 1378 potest:
676 1309 920 1362 velocitas
963 1320 1136 1362 autem
1179 1319 1450 1363 cataraotae
1494 1310 1763 1380 utriusque
1805 1308 2035 1360 cadentis
2080 1327 2141 1359 ea
2179 1308 2276 1358 erit

122 1397 178 1449 in
214 1398 464 1451 foramine
504 1399 551 1452 E
580 1398 639 1462 F,
685 1417 841 1470 quam
884 1417 1071 1470 corpus
1110 1399 1345 1453 cadendo
1382 1400 1449 1452 ab
1492 1399 1763 1452 altitudine
1801 1398 1908 1451 tota
1954 1398 1981 1450 I
2011 1399 2064 1451 G
2106 1398 2162 1467 (⁵)
2191 1416 2275 1449 ac-

123 1486 306 1557 quiret.

196 1579 309 1630 Cas.
338 1583 387 1628 2.
465 1577 522 1629 Si
564 1554 798 1630 foramen
837 1577 885 1630 E
914 1578 959 1630 F
994 1595 1102 1630 non
1139 1578 1204 1631 sit
1239 1578 1295 1631 in
1330 1579 1508 1632 medio
1546 1579 1696 1632 fundi
1728 1579 1880 1643 vasiS,
1928 1579 2021 1631 sed
2053 1578 2275 1630 fundum

120 1667 242 1720 alibi
283 1667 609 1737 perforetur:
656 1688 790 1740 aqua
826 1669 1001 1723 effluet
1038 1670 1219 1723 eadem
1258 1689 1377 1724 cum
1416 1671 1690 1725 velocitate
1730 1692 1790 1725 ac
1825 1672 1989 1741 prius,
2036 1672 2078 1723 si
2114 1668 2275 1722 modo

121 1759 300 1811 eadem
343 1759 409 1811 sit
450 1760 716 1814 foraminis
766 1762 1088 1833 magnitudo,
1165 1763 1304 1815 Nam
1344 1781 1504 1835 grave
1548 1763 1732 1833 majori
1776 1763 1989 1833 quidem
2038 1772 2274 1830 tempore

120 1848 389 1900 descendit
428 1849 495 1901 ad
534 1850 753 1903 eandem
790 1851 1197 1920 profunditatem
1237 1853 1294 1923 (t)
1322 1872 1417 1923 per
1458 1854 1650 1906 lineam
1683 1855 1947 1925 obliquam
1987 1853 2142 1924 quam
2178 1860 2301 1923 per'

116 1937 308 1989 lineam
332 1939 830 2007 perpendicularem,
871 1941 962 1993 sed
988 1941 1353 1994 descendendo
1377 1944 1597 1996 eandem
1621 1944 1949 1997 velocitatem
1974 1944 2193 2014 acquirit
2218 1944 2274 1994 in

117 2038 337 2098 utroque
363 2046 500 2091 casu,
531 2029 595 2097 (¹¹)
624 2038 682 2081 ut
709 2029 958 2083 Galilaeus
985 2031 1371 2086 demonstravit.
1892 2012 1916 2036 '⁹

193 2119 307 2170 Cas.
349 2125 394 2170 3.
472 2117 673 2170 Eadem
715 2129 793 2171 est
834 2139 984 2190 aquae
1022 2121 1266 2173 velocitas
1318 2120 1571 2174 effluentis
1609 2140 1705 2191 per
1743 2122 1978 2174 foramen
2017 2122 2073 2174 in
2109 2122 2272 2174 latere

118 2208 264 2260 vasis,
341 2208 476 2261 Nam
519 2209 561 2260 si
597 2208 830 2262 foramen
865 2229 1085 2280 parvum
1122 2211 1201 2277 sit,
1244 2212 1311 2281 (¹)
1338 2221 1398 2265 ut
1431 2211 1763 2265 intervallum
1800 2214 1935 2265 inter
1969 2212 2271 2282 superficies

173 2368 227 2422 (¹')
250 2371 271 2394 ¹⁵
295 2371 352 2410 Et
378 2371 519 2421 glacies
550 2373 716 2422 quietem
744 2385 868 2411 suam.
929 2372 1053 2410 Sunto
1076 2385 1166 2411 vasa

119 2421 199 2461 duo
218 2422 380 2472 aequalia
401 2424 439 2461 A
462 2425 497 2461 B
522 2425 562 2462 D
586 2425 632 2471 C,
653 2439 676 2463 a
693 2427 718 2464 b
737 2424 763 2463 d
778 2438 809 2469 c,
831 2425 870 2462 in
892 2437 1059 2475 quorum
1084 2426 1165 2476 pri-

119 2488 186 2512 mo
215 2476 356 2526 glacies
385 2478 512 2515 omnis
539 2477 581 2515 in
609 2491 750 2529 aquam
781 2479 949 2517 resoluta
967 2480 1027 2526 sit,
1057 2487 1096 2518 et
1120 2480 1164 2517 in

119 2529 240 2566 altero
258 2529 398 2578 glacies
423 2531 593 2579 quietem
620 2544 731 2568 suam
758 2539 965 2578 conservet,
993 2541 1038 2571 ut
1064 2546 1165 2583 aqua

120 2590 347 2619 cataractam
365 2597 388 2621 a
399 2585 471 2622 bm
485 2583 507 2623 f
517 2597 536 2621 e
554 2596 582 2621 n
615 2584 818 2623 formando
837 2586 968 2624 effluat
981 2599 1049 2635 per
1060 2587 1163 2624 fora·

118 2647 210 2673 men
229 2648 250 2672 e
268 2635 291 2672 f
303 2636 460 2674 sectioni
476 2650 583 2674 venae
601 2646 804 2676 contractae
823 2652 844 2677 e
862 2639 1051 2677 foramine
1074 2640 1110 2677 E
1130 2640 1164 2678 F

121 2688 312 2726 exilientis
338 2689 508 2740 aequale3
542 2698 581 2727 et
611 2691 696 2729 loco
725 2691 823 2729 vasis
857 2695 896 2730 A
920 2693 955 2730 B
979 2693 1020 2731 D
1045 2694 1090 2738 C,
1121 2693 1164 2730 in

125 2740 378 2780 Problematis
389 2743 579 2781 solutione
591 2745 768 2783 substitui
780 2746 918 2793 poterit
926 2759 989 2783 vas
997 2746 1164 2783 alterum

119 2807 144 2832 a
161 2796 186 2831 b
204 2794 230 2832 d
249 2808 282 2841 c,
315 2796 358 2832 in
388 2809 467 2845 quo
493 2809 604 2846 aquae
630 2810 699 2845 per
725 2798 859 2836 lumen
886 2812 907 2836 e
925 2799 948 2836 f
969 2798 1161 2836 effluentis

119 2847 255 2885 eadem
273 2856 328 2886 est
348 2849 525 2887 velocitas
543 2862 662 2899 quam
681 2863 780 2901 aqua
798 2864 820 2888 e
838 2864 924 2889 vase
945 2851 984 2889 A
1007 2852 1043 2889 B
1066 2852 1107 2889 D
1127 2852 1160 2890 C

121 2900 280 2938 exiliens
294 2903 408 2939 habet
422 2902 461 2939 in
477 2903 645 2941 sectione
655 2916 762 2940 venae
777 2912 994 2950 contractae,
1009 2904 1162 2942 eadem-

119 2966 196 3002 que
214 2954 375 3002 proinde
392 2967 503 3004 aquae
520 2955 713 3005 quantitas
731 2957 773 2993 in
792 2956 992 2995 defluxum
1010 2957 1162 3005 impen-

119 3006 235 3052 ditur,
265 3016 303 3045 et
322 3007 520 3056 propterea
545 3008 649 3046 idem
666 3022 776 3059 aquae
794 3009 946 3058 pondus
960 3010 1084 3048 fundo
1102 3011 1162 3047 in-

119 3059 324 3097 cumbitin
344 3069 509 3111 utroque
537 3074 634 3099 vase.
699 3062 894 3106 Quoniam
924 3063 1028 3101 enim
1059 3071 1164 3102 cata-

117 3120 234 3150 ractae
252 3125 276 3150 a
292 3115 371 3153 bm
383 3114 404 3150 f
416 3127 437 3152 e
459 3125 488 3151 n
525 3114 650 3165 figura
668 3122 706 3153 et
723 3116 786 3152 lex
805 3116 1018 3154 secundum
1045 3127 1165 3166 quam

119 3176 219 3215 aqua
237 3166 424 3205 cataracta
442 3166 510 3205 illa
529 3176 707 3205 movetur
732 3176 833 3206 notae
861 3177 963 3214 sunt,
1002 3169 1163 3207 Proble-
1450 3156 1509 3198 k

119 3218 233 3256 matis
264 3219 403 3258 solutio
431 3228 469 3258 et
495 3221 644 3259 facilior
670 3228 709 3259 et
738 3221 861 3273 magis
892 3221 1163 3261 mathematica

120 3270 199 3317 fiet,
234 3284 269 3363 sti,
288 3272 379 3362 dcco
404 3273 502 3311 vasis
522 3274 561 3312 A
585 3274 621 3312 B
643 3275 685 3312 D
708 3275 740 3313 C
761 3282 891 3313 mente
908 3276 1164 3314 substituatur

118 3335 186 3361 vas
203 3337 226 3362 a
332 3337 364 3362 c.

176 3376 228 3428 (⁸)
251 3380 273 3402 ²*
295 3379 495 3429 Acquiret.
555 3379 657 3418 Haec
675 3392 723 3418 ex
750 3379 867 3430 supra
893 3381 1163 3420 demonstratis

118 3437 275 3534 patgstj*
298 3487 377 3524 Per
393 3486 535 3523 lineam
556 3486 762 3536 obliquam.
822 3487 873 3525 In
891 3488 965 3526 hoc
991 3487 1162 3527 secundo

120 3547 328 3628 Ξεὲἰιειθὲἓῖἲ
354 3550 465 3589 aquae
492 3550 560 3586 per
586 3537 707 3576 lineas
725 3538 772 3577 ad
794 3539 968 3579 foramen
985 3541 1162 3592 obliquas

123 3691 147 3730 1
175 3642 233 3693 (¹²)
249 3645 269 3668 *
283 3619 334 3683 vi
352 3646 536 3684 Galizaeus
548 3647 820 3686 demonstrauit
836 3647 919 3698 (81.
935 3653 975 3684 et
988 3649 1049 3686 85.
1067 3646 1157 3686 Lib.

149 3692 236 3797 ·)(·x)
259 3748 359 3788 2755
392 3752 413 3775 ⁴
453 3753 504 3790 Ut
533 3752 782 3790 intervallum
813 3754 916 3801 inter
943 3755 1161 3807 superficies
1217 3798 1221 3803 r

120 3799 162 3836 A
185 3803 221 3839 B
237 3808 273 3840 et
290 3805 336 3841 K
346 3803 397 3842 L.
456 3804 480 3842 I
503 3804 546 3843 H
566 3811 624 3842 est
640 3805 689 3842 ad
710 3805 732 3843 I
756 3805 794 3843 G
821 3804 863 3842 in
889 3805 1036 3844 ratione
1065 3819 1162 3859 qua-

122 3850 340 3903 druplicata
370 3855 547 3896 diametri
583 3857 620 3896 E
651 3857 685 3895 F
715 3857 765 3896 ad
796 3857 1029 3898 diametrum
1059 3862 1098 3899 A
1121 3861 1157 3899 B
