2502 4192
229 269 329 313 216
763 212 1329 313 PHILOSOPHIAE
1367 255 1819 310 NATURALIS
1916 255 2368 321 [Mor.Com²0R.

228 414 430 455 constat
463 402 604 474 qued
642 404 898 474 quantitas
936 422 1100 473 aquae,
1146 419 1263 472 quae
1298 419 1394 469 per
1431 400 1663 451 foramen
1698 399 1945 451 circulare
1969 400 2023 451 in
2048 398 2211 450 fundo
2235 397 2369 450 vasis

225 495 434 558 factum,
464 494 586 546 dato
612 505 845 562 tempore
871 493 1046 557 effluit,
1076 512 1137 544 ea
1162 493 1228 544 sit
1253 509 1369 561 quae
1394 509 1513 542 cum
1538 490 1805 542 velocitate
1830 489 2094 560 praedicta,
2134 508 2240 541 non
2276 507 2372 558 per

225 584 458 635 foramen
482 583 628 646 illud,
657 582 748 634 sed
771 599 866 650 per
890 581 1122 633 foramen
1148 580 1413 644 circulare,
1441 582 1584 650 cujus
1601 580 1851 632 diameter
1869 590 1946 632 est
1970 581 2036 633 ad
2062 581 2370 632 diametrum

222 674 487 726 foraminis
530 674 667 725 lllius
710 684 769 725 ut
806 680 867 725 21
915 673 983 725 ad
1020 680 1105 736 25,
1152 672 1332 725 eodem
1372 680 1607 739 tempore
1646 670 1854 723 effluere
1892 671 2059 723 debet.
2138 671 2370 740 Ideoque

224 782 357 834 aqua
381 763 469 813 illa
496 762 708 814 effluens
733 762 1056 814 velocitatem
1089 761 1247 813 habet
1272 761 1515 813 deorsum
1541 761 1594 811 in
1619 761 1733 829 ipso
1758 760 2008 811 foramine
2033 779 2186 830 quam
2213 778 2371 831 grave

225 851 460 904 cadendo
480 861 537 903 ‘et
563 870 684 903 casu
710 869 804 902 suo
847 850 910 920 (q)
938 850 1281 902 describendo
1318 850 1586 901 dimidiam
1623 848 1947 901 altitudinem
1972 868 2121 919 aquae
2157 850 2212 900 in
2248 868 2367 901 vase

225 942 505 1013 stagnantis
533 942 796 1011 acquirere
820 951 992 1009 potest
1018 940 1432 1011 quamproxime.
1512 940 1616 993 Sed
1651 951 1926 1009 postquam
1953 940 2112 991 exivit
2135 958 2203 992 ex
2227 957 2364 1003 vase,

225 1033 539 1084 acceleratur
567 1032 929 1103 convergendo
956 1032 1123 1084 donec
1149 1033 1215 1084 ad
1241 1032 1534 1084 distantiam
1561 1031 1857 1082 aforamine
1883 1030 2136 1081 diametro
2160 1030 2368 1081 forami-

224 1124 303 1174 nis
328 1142 492 1192 prope
516 1124 769 1193 aequalem
794 1124 1117 1191 pervenerit,v
1133 1133 1185 1175 et
1209 1123 1533 1174 velocitatem
1568 1122 1892 1191 acquisiverit
1915 1123 2163 1190 majorem
2198 1122 2252 1171 in
2289 1139 2372 1172 ra-

225 1214 364 1264 tione
390 1212 746 1282 subduplicata
774 1213 961 1264 binarii
985 1213 1053 1263 ad
1078 1213 1326 1264 unitatem
1353 1211 1554 1263 circiter
1569 1230 1583 1272 3
1620 1228 1774 1280 quam
1800 1209 1977 1279 utique
2001 1227 2158 1280 grave
2184 1208 2370 1260 eaden·
2434 1278 2437 1280 ‚

225 1303 311 1366 do,
358 1313 409 1355 et
446 1322 568 1355 casu
606 1322 700 1355 suo
737 1303 1079 1355 describendo
1116 1312 1278 1355 totam
1315 1302 1639 1355 altitudinem
1672 1320 1821 1371 aquae
1846 1301 1901 1352 in
1926 1320 2046 1353 vase
2071 1299 2368 1372 stagnantis,

226 1394 491 1464 acquirere
516 1403 688 1462 potest
713 1392 1120 1463 quamproxime.

301 1484 366 1535 In
391 1484 722 1554 sequentibus
760 1484 918 1555 igitur
956 1485 1206 1537 diameter
1248 1502 1396 1536 venae

227 1572 525 1643 designetur
549 1590 644 1640 per
663 1572 897 1623 foramen
922 1572 1051 1623 illud
1068 1573 1237 1623 minus
1255 1571 1395 1642 quod

226 1660 523 1711 vocavimus
575 1660 623 1711 E
666 1660 725 1711 F.
802 1660 874 1712 Et
922 1663 1080 1731 plano
1128 1663 1394 1715 foraminis

230 1750 277 1801 E
301 1750 345 1800 F
362 1749 669 1819 parallelum
694 1750 815 1801 duci
839 1751 1156 1822 intelligatur
1180 1751 1392 1820 planum

227 1838 368 1890 aliud
406 1839 642 1907 superius
670 1840 722 1891 V
749 1840 830 1891 W
855 1839 924 1891 ad
961 1840 1254 1891 distantiam
1282 1840 1393 1891 dia-

226 1939 394 1980 metro
417 1928 686 1979 foraminis
724 1928 978 1999 aequalem
1016 1929 1217 1981 circiter
1242 1938 1293 1981 et
1316 1928 1393 1980 fo-

224 2018 423 2069 ramine
446 2019 642 2087 majore
673 2019 711 2071 S
738 2018 1115 2088 Ttpertusum3
1142 2038 1237 2088 per
1253 2019 1393 2089 quod

228 2108 406 2177 utique
442 2126 574 2158 vena
615 2107 782 2170 cadat,
830 2127 947 2178 quae
988 2108 1256 2180 adaequate
1296 2110 1393 2160 im-

225 2199 364 2266 pleat
390 2199 627 2249 foramen
665 2199 876 2250 inferius
918 2199 965 2250 E
994 2199 1053 2261 F,
1094 2210 1247 2269 atque
1276 2198 1395 2251 idee

225 2288 369 2355 cujus
410 2287 661 2338 diameter
698 2287 765 2339 sit
802 2287 868 2338 ad
910 2287 1220 2338 diametrum
1257 2287 1393 2339 fora-

222 2376 373 2426 minis
399 2375 652 2426 inferioris
679 2386 736 2426 ut
762 2382 828 2427 25
856 2376 923 2426 ad
949 2381 1009 2425 21
1045 2376 1261 2426 circiter.
1342 2376 1427 2427 Sic
1453 2376 1590 2427 enim
1615 2395 1747 2428 vena
1769 2395 1865 2445 per
1888 2375 2119 2428 foramen
2156 2376 2367 2429 inferius

221 2465 718 2533 perpendiculariter
743 2466 1008 2525 transibit3
1047 2476 1099 2517 et
1124 2466 1380 2535 quantitas
1407 2486 1554 2536 aquae
1580 2467 1849 2531 effluentis,
1888 2484 1987 2536 pro
2010 2467 2367 2538 magnitudine

223 2555 486 2605 foraminis
511 2554 679 2623 hujus,
718 2574 779 2607 ea
804 2556 901 2607 erit
926 2574 1082 2625 quam
1108 2556 1294 2607 solutio
1323 2557 1664 2610 Problematis
1688 2559 1915 2627 postulat
1953 2558 2365 2628 quamproxime.

226 2642 461 2711 Spatium
485 2641 624 2705 vere,
666 2642 807 2711 quod
842 2643 1010 2711 planis
1049 2643 1252 2694 duobus
1279 2654 1330 2695 et
1357 2643 1484 2695 vena
1510 2645 1725 2696 cadente
1763 2645 2034 2708 clauditur,
2081 2664 2178 2714 pro
2203 2646 2365 2697 fundo

222 2732 354 2782 vasis
392 2731 573 2783 haberi
615 2742 801 2800 potest.
880 2733 985 2785 Sed
1023 2743 1081 2785 ut
1116 2734 1304 2786 solutio
1341 2735 1686 2787 Problematis
1722 2736 2002 2805 simplicior
2035 2737 2100 2788 sit
2125 2747 2175 2789 et
2199 2739 2363 2807 magis

222 2818 598 2881 mathematica,
637 2829 850 2887 praestat
874 2820 1119 2872 adhibere
1144 2821 1358 2889 planum
1385 2823 1549 2873 solum
1575 2822 1785 2875 inferius
1811 2842 1909 2892 pro
1934 2823 2096 2875 fundo
2121 2825 2272 2888 vasis,
2313 2836 2365 2879 et

223 2910 420 2980 fingere
446 2910 585 2979 quod
611 2929 744 2980 aqua
769 2930 885 2980 quae
909 2930 1004 2980 per
1027 2912 1245 2983 glaciem
1272 2932 1366 2964 ceu
1402 2932 1497 2981 per
1533 2913 1914 2965 infundibulum
1948 2914 2218 2978 defluebat,
2259 2925 2310 2966 et
2334 2935 2363 2967 e

223 3020 340 3052 vase
384 3020 476 3069 per
516 3001 749 3054 foramen
794 3003 841 3054 E
873 3003 917 3054 F
959 3005 1014 3055 in
1050 3004 1208 3072 plano
1242 3004 1484 3057 inferiore
1518 3004 1710 3057 factum
1747 3004 2123 3075 egrediebatur,
2148 3014 2362 3056 ·motum

1212 3084 1228 3106 X

222 3194 339 3245 quem
358 3209 425 3244 per
442 3196 627 3235 theoriam
656 3198 862 3245 invenitur,
892 3198 997 3250 quod
1024 3199 1137 3237 variis
1154 3200 1265 3239 resis-

222 3248 353 3285 tentiis
370 3250 619 3287 tribuendum
639 3264 720 3289 esse
747 3252 906 3296 videtur,
937 3260 976 3290 et
1002 3252 1104 3290 certe
1122 3253 1262 3291 illustr.

227 3301 405 3338 Marchio
439 3302 620 3349 Polenus,
656 3303 747 3342 cum
776 3305 818 3342 in
854 3305 973 3343 Libro
1001 3306 1051 3343 de
1091 3306 1266 3343 castellis

222 3366 310 3403 pag.
341 3358 403 3391 64.
441 3355 619 3402 opinatus
650 3357 783 3395 fuisset
816 3358 1056 3396 velocitatem
1087 3358 1195 3396 illam
1222 3359 1265 3396 in

223 3406 493 3454 experimentis
506 3408 613 3445 valde
624 3423 705 3447 esse
720 3410 908 3448 minorem
922 3410 1040 3462 quem
1052 3411 1091 3448 in
1104 3411 1263 3458 theoria,

224 3458 400 3507 pluribus
418 3459 558 3497 deinde
576 3463 848 3510 experimentis
866 3464 915 3502 ad
930 3464 1098 3502 calculos
1112 3477 1263 3503 revoca-

224 3511 274 3549 tis
301 3512 465 3560 priorem
493 3515 720 3553 sententiam
747 3518 910 3555 mutavit
940 3518 980 3555 in
1014 3517 1190 3568 Epistola
1216 3517 1265 3556 ad

227 3564 510 3603 Marinonium.

281 3617 337 3667 (⁴¹)
367 3621 625 3657 Describendo
652 3623 851 3660 dimidiam
876 3625 1132 3663 altitudinem.
1187 3623 1267 3661 Ve-

225 3668 360 3708 locitas
384 3684 502 3722 quam
529 3685 668 3722 corpus
685 3674 883 3723 quodlibet
901 3689 1026 3725 grave,
1055 3677 1138 3714 sine
1155 3675 1265 3714 resis-

225 3723 345 3761 tentia
363 3724 535 3762 cadendo
553 3733 591 3762 et
609 3738 699 3764 casu
721 3739 792 3765 suo
807 3727 1055 3768 describendo
1067 3729 1267 3767 dimidiam

1319 3200 1494 3239 cadendo
1519 3200 1744 3251 acquisitam
1771 3207 1817 3238 ut
1839 3204 1855 3238 1
1878 3199 1927 3239 ad
1948 3202 2001 3251 4!
2026 3204 2050 3237 2
2071 3200 2155 3250 (28.
2181 3199 2269 3238 Lib.
2298 3199 2358 3250 Ι.)

1323 3253 1411 3300 Sed,
1441 3266 1486 3291 ex
1506 3252 1621 3302 supre
1638 3253 1809 3299 ostensis,
1842 3253 2022 3291 velocitas
2048 3266 2158 3303 aquae
2177 3265 2245 3301 per
2263 3253 2362 3291 vasis

1318 3307 1493 3345 foramen
1511 3306 1742 3344 transeuntis
1761 3314 1817 3344 est
1834 3306 1884 3344 ad
1904 3306 2140 3344 velocitatem
2159 3318 2226 3354 per
2250 3318 2360 3343 venae

1318 3367 1524 3398 contractae
1549 3359 1754 3397 sectionem
1773 3358 1937 3403 fluentis,
1958 3359 1998 3396 id
2017 3367 2084 3405 est,
2111 3358 2159 3396 ad
2178 3358 2356 3396 velocita-

1318 3419 1396 3449 tem
1416 3425 1532 3462 quam
1559 3425 1674 3462 grave
1699 3412 1871 3450 cadendo
1889 3424 1957 3461 per
1974 3419 2094 3450 totam
2113 3411 2358 3449 altitudinem

1319 3478 1430 3515 aquae
1447 3465 1488 3502 in
1507 3477 1593 3503 vase
1620 3465 1832 3516 stagnantis
1860 3465 2033 3515 acquirit,
2068 3465 2110 3501 in
2137 3463 2269 3501 eadem
2298 3476 2358 3501 ra-

1318 3517 1423 3556 tione
1446 3522 1478 3562 1,
1514 3518 1563 3556 ad
1592 3520 1644 3568 μ
1674 3523 1721 3564 23
1755 3516 1873 3568 quare
1892 3517 2070 3556 velocitas
2098 3529 2214 3566 quam
2242 3529 2358 3566 grave

1318 3583 1387 3619 per
1414 3570 1613 3609 dimidiam
1640 3570 1884 3609 altitudinem
1913 3583 2022 3621 aquae
2058 3569 2268 3619 stagnantis
2294 3582 2356 3607 ca-

1320 3623 1447 3662 dendo
1490 3624 1662 3674 acquirit,
1710 3624 1869 3675 aequalis
1912 3631 1969 3661 est
2013 3622 2201 3660 velocitati
2245 3635 2356 3672 aquae

1319 3688 1387 3724 per
1431 3676 1604 3715 foramen
1648 3676 1849 3723 effluentis,
1906 3674 2022 3713 mode
2074 3682 2203 3712 tamen
2255 3687 2357 3724 aqua

1319 3741 1388 3777 per
1430 3729 1593 3780 simplex
1640 3730 1813 3768 foramen
1857 3729 1899 3766 in
1943 3727 2167 3767 tenuissima
2211 3726 2356 3765 lamina

226 3774 469 3815 altitudinem
488 3790 599 3828 aquae
617 3778 658 3816 in
677 3791 763 3817 vase
781 3782 995 3831 stagnantis
1012 3782 1186 3832 acquirit,
1206 3789 1264 3820 est
1315 3781 1476 3830 factum,
1531 3790 1577 3822 ut
1624 3782 1738 3833 supra
1783 3781 1997 3832 expositum
2042 3787 2111 3828 est,
2166 3779 2297 3818 effluat
2331 3792 2354 3817 e

225 3825 276 3864 ad
294 3829 532 3870 velocitatem
550 3832 634 3883 ejus
651 3844 719 3882 per
736 3839 855 3871 totam
883 3833 1128 3873 altitudinem
1154 3847 1263 3888 aquae

1316 3847 1414 3874 vase.
