2502 4192
0 3717 12 3737 k

164 249 637 313 LrssER'SEcUND.]
692 249 1094 302 PRINCIPIA
1135 250 1751 303 MATHEMATICA.
2204 260 2296 306 191

970 672 1274 733 SECTIO
1319 673 1465 732 VII.

482 839 581 897 De
609 845 761 897 motu
777 839 1102 915 fluidorum
1131 850 1188 898 et
1216 840 1543 899 resistentia'
1560 841 1960 918 projectilium.

456 1077 923 1131 PROPOSITIO
964 1078 1222 1135 XXXJI.
1300 1078 1750 1130 THEOREMA
1790 1078 2007 1130 XXVI.

162 1241 220 1293 Si
239 1259 492 1307 corporum
518 1250 779 1309 systemata
806 1244 901 1292 duo
925 1243 1112 1293 similia
1140 1260 1200 1299 ea)
1226 1242 1410 1308 aequali
1436 1244 1806 1307 particularum
1839 1259 2038 1292 numero
2063 1247 2301 1302 constent,

227 1338 276 1380 et
311 1332 584 1396 particulae
624 1332 1053 1396 correspondentes
1089 1331 1272 1380 similes
1308 1330 1409 1380 sint
1445 1337 1493 1379 et
1523 1331 1948 1396 proportionales,
2001 1331 2211 1397 singulae
2249 1331 2306 1379 in

225 1436 324 1468 uno
366 1427 621 1487 systemate
668 1420 879 1486 singulis
919 1420 974 1469 in
1013 1420 1190 1480 alter0,
1238 1426 1286 1468 et
1326 1418 1559 1468 similiter
1599 1420 1712 1469 sitce
1754 1420 1887 1468 inter
1920 1436 1985 1479 se,
2034 1436 2093 1468 ac
2131 1420 2306 1468 datam

224 1511 442 1560 habeant
477 1511 723 1559 rationem
760 1510 1023 1560 densitatis
1060 1510 1130 1559 ad
1169 1509 1392 1569 invicem,
1438 1516 1486 1557 et
1525 1509 1657 1559 inter
1681 1527 1731 1559 se
1757 1508 2053 1574 temporibus
2087 1526 2307 1575 propor-

231 1600 504 1650 tionalibus
539 1600 771 1650 similiter
804 1600 989 1650 moveri
1026 1600 1276 1665 incipiant
1315 1597 1419 1666 (ece
1444 1600 1578 1650 inter
1600 1617 1651 1649 se
1675 1617 1785 1667 quce
1810 1601 1865 1650 in
1888 1617 1986 1650 uno
2011 1608 2124 1651 sunt
2156 1608 2307 1668 syste-

226 1696 357 1738 mate
381 1695 429 1738 et
455 1704 524 1737 ece
550 1689 682 1737 inter
706 1705 756 1738 se
782 1704 891 1754 quae
915 1695 1029 1738 sunt
1056 1688 1109 1737 in
1135 1686 1331 1756 altero)
1370 1695 1418 1738 et
1442 1688 1487 1739 si
1522 1675 1621 1737 non
1662 1696 1880 1756 tangant
1912 1707 1962 1740 se
1996 1697 2159 1739 mutuo
2200 1706 2309 1756 quae

230 1781 286 1829 in
327 1780 490 1830 eodem
527 1788 641 1830 sunt
663 1787 935 1847 systemate,
977 1780 1079 1831 nisi
1104 1781 1158 1829 in
1183 1780 1435 1829 momentis
1459 1780 1796 1848 reflexionum,
1836 1798 1991 1848 neque
2016 1781 2303 1842 attrahant,

227 1868 502 1936 'velfugent
526 1886 575 1918 se
599 1865 778 1929 mutuo,
807 1869 908 1919 nisi
933 1868 1121 1919 viribus
1146 1868 1575 1918 accelerat7·z'cibus
1601 1886 1710 1935 quae
1737 1870 1840 1919 sint
1863 1877 1918 1918 ut
1932 1871 2310 1935 particularum

227 1958 709 2023 correspondentiam
736 1958 970 2008 diametri
996 1954 1186 2008 inverse*
1211 1966 1260 2008 et
1285 1959 1537 2024 quadrata
1574 1960 1883 2009 velocitatum
1922 1956 2108 2008 directe
2125 1982 2141 2008 .·
2191 1960 2302 2008 dico

225 2046 357 2113 quod
378 2053 685 2113 systematum
703 2047 972 2111 particulae
999 2048 1101 2097 illae
1116 2054 1331 2114 pergent
1357 2047 1489 2096 inter
1512 2064 1562 2097 se
1586 2048 1883 2114 temporibus
1896 2048 2310 2115 proportionali-

226 2133 313 2185 bus
339 2132 398 2202 (r)
425 2134 659 2184 similiter
681 2135 880 2184 moveri.

235 2276 477 2345 Corpora
503 2276 688 2327 similia
724 2287 775 2328 et
811 2277 1045 2329 similiter
1081 2278 1177 2329 sita
1211 2279 1529 2347 temporibus
1570 2280 2046 2348 proportionalibus
2084 2281 2218 2332 inter
2256 2300 2311 2332 se

158 2364 391 2416 similiter
414 2366 610 2416 moveri
635 2365 768 2428 dico,
810 2384 1031 2435 quorum
1058 2367 1183 2418 situs
1210 2367 1277 2418 ad
1300 2368 1519 2419 invicem
1544 2369 1599 2418 in
1625 2369 1729 2420 fine
1766 2379 2062 2437 temporum
2100 2370 2311 2421 illorum

159 2471 362 2521 semper
387 2462 504 2504 sunt
530 2453 746 2505 similes:
785 2453 912 2522 puta
937 2455 979 2508 si
997 2455 1265 2523 particulae
1290 2457 1444 2508 unius
1471 2458 1759 2526 systematis
1787 2477 1906 2508 cum
1944 2458 2153 2510 alterius
2190 2478 2311 2527 par-

155 2543 324 2594 ticulis
351 2543 871 2610 correspondentibus
898 2544 1242 2597 conferantur.
1321 2546 1479 2598 Unde
1505 2557 1740 2614 tempora
1766 2558 1919 2599 erunt
1943 2550 2311 2616 proportiona-

155 2632 240 2696 lia,
259 2632 314 2684 in
329 2632 512 2702 quibus
535 2632 723 2685 similes
744 2644 796 2686 et
810 2635 1220 2703 proportionales
1238 2635 1525 2706 figurarum
1541 2637 1784 2689 similium
1801 2648 1974 2706 partes
1993 2659 2027 2690 a
2042 2640 2310 2707 particulis

160 2724 683 2793 correspondentibus
710 2725 1087 2776 describuntur.
1165 2727 1334 2796 Igitur
1371 2728 1414 2778 si
1452 2727 1556 2778 duo
1594 2728 1697 2779 sint
1735 2729 1991 2797 ejusmodi
2019 2739 2309 2798 systemata,

157 2812 426 2881 particulae
450 2813 927 2881 correspondentes,
956 2813 1024 2864 ob
1040 2814 1427 2866 similitudinem
1446 2815 1790 2884 incoeptorum
1812 2827 2062 2881 motuum,
2091 2828 2314 2888 pergent

163 2901 398 2953 similiter
434 2902 644 2964 moveri,
690 2921 853 2971 usque
892 2902 1056 2953 donec
1094 2903 1191 2954 sibi
1214 2913 1397 2955 mutuo
1423 2915 1713 2957 occurrant.
1789 2906 1928 2957 Nam
1955 2906 1998 2957 si
2023 2906 2177 2956 nullis
2203 2907 2312 2977 agi-

161 3002 338 3044 tantur
375 2993 586 3056 viribus,
631 2993 1031 3063 progredientur
1073 2994 1400 3046 uniformiter
1445 2997 1502 3064 (⁵)
1530 2996 1583 3046 in
1622 2996 1770 3047 lineis
1814 2996 1966 3047 rectis
2004 3015 2098 3065 per
2141 2997 2311 3049 motfis

160 3082 260 3153 leg.
293 3091 338 3135 1.
415 3085 472 3136 Si
496 3084 689 3135 viribus
715 3084 974 3153 aliquibus
1001 3105 1054 3137 se
1078 3094 1262 3137 mutuo
1287 3086 1500 3156 agitant,
1528 3095 1580 3137 et
1603 3086 1737 3137 vires
1763 3086 1866 3137 illae
1892 3086 1995 3138 sint
2013 3096 2068 3137 ut
2086 3088 2313 3155 partlm-

161 3171 329 3222 larum
351 3172 866 3240 correspondentium
892 3172 1129 3226 diametri
1153 3174 1356 3229 inverse
1390 3184 1441 3227 et
1466 3174 1716 3244 quadrata
1739 3176 2068 3228 velocitatum
2095 3178 2310 3241 directe3

223 3331 278 3384 (¹')
301 3334 322 3357 ⁴*
342 3334 525 3371 Similiter
543 3336 694 3373 moveri.
757 3335 880 3372 Sunto
903 3335 939 3372 A
960 3342 998 3372 et
1016 3347 1051 3380 a,
1075 3335 1110 3373 P
1123 3342 1160 3373 et
1173 3348 1212 3384 p,
1268 3343 1382 3386 atque
1405 3336 1431 3374 S
1453 3336 1489 3372 A
1515 3335 1550 3373 B
1571 3330 1726 3386 aeqiialis
1745 3349 1763 3373 s
1781 3350 1803 3373 a
1821 3337 1858 3374 b.
1906 3336 1961 3374 Et
1979 3335 2064 3374 aliae
2082 3337 2154 3375 sibi
2172 3336 2312 3376 mutuo

173 3384 202 3423 S
220 3392 259 3422 et
276 3397 306 3430 s,
324 3385 393 3422 &c-
419 3385 614 3423 narticulae
635 3386 676 3423 in
694 3385 845 3425 duobus
864 3388 1129 3437 systematibus
1143 3388 1214 3426 sibi
1268 3388 1604 3437 correspondentes
1634 3389 1832 3437 particulae
1868 3389 2065 3439 quiescant
2100 3391 2160 3428 vel
2196 3390 2313 3427 simili

170 3436 310 3475 mutuo
346 3438 694 3487 correspondentes·
758 3439 954 3478 Particula
993 3440 1031 3477 A
1068 3440 1109 3477 in
1146 3453 1217 3478 suo
1272 3440 1390 3478 modo
1409 3448 1647 3479 moveantur.
1709 3442 1787 3479 His
1805 3442 1948 3491 positis,
1970 3443 2312 3480 demonstrandum

172 3497 378 3539 systemate
405 3498 577 3538 tempore
607 3491 655 3537 T,
690 3491 877 3530 describat
908 3493 1073 3541 spatium
1100 3505 1217 3542 quam
1271 3501 1338 3539 est,
1358 3493 1461 3543 quod
1480 3494 1511 3530 si
1528 3502 1731 3532 sumantur
1748 3501 1921 3544 tempora
1938 3496 2014 3533 alia
2027 3508 2113 3544 quae
2128 3496 2204 3532 sint
2217 3504 2262 3533 ut
2275 3497 2312 3534 T

172 3542 380 3581 mInimum
403 3544 440 3580 A
465 3544 514 3589 B,
536 3550 575 3580 et
593 3544 779 3592 particula
797 3544 1095 3593 correspondens
1112 3558 1147 3590 a,
1174 3545 1216 3581 in
1270 3552 1308 3582 et
1334 3554 1363 3591 t,
1395 3546 1592 3594 particulae
1618 3548 1955 3597 correspondentes
1986 3556 2099 3587 erunt
2128 3549 2312 3600 utrinque

174 3595 295 3638 altero
313 3603 517 3646 systemate
531 3604 702 3644 tempore
715 3603 743 3642 t,
767 3596 954 3635 describat
967 3598 1130 3645 spatium
1146 3610 1169 3634 a
1181 3599 1219 3642 b,
1274 3598 1446 3636 similiter
1463 3600 1606 3647 positae.
1691 3610 1699 3621 “
1733 3600 1745 3621 Ψ

177 3647 295 3696 priori
317 3650 353 3685 A
378 3649 429 3694 B,
462 3648 587 3686 simile
606 3648 854 3699 similiterque
880 3649 1010 3695 situm,
1039 3648 1093 3687 ita
1112 3658 1156 3688 ut
1173 3651 1221 3688 sit
1329 3650 1380 3702 (⁸)
1404 3655 1423 3675 ⁴⁸
1448 3654 1499 3690 In
1516 3654 1623 3691 lineis
1638 3656 1748 3702 rectis
1756 3668 1827 3704 per
1841 3652 1966 3693 motas
1979 3656 2048 3703 leg.
2070 3658 2103 3691 1.
2139 3652 2311 3703 Ideoque

181 3700 220 3737 A
245 3700 294 3745 Β,
322 3701 371 3739 ad
389 3714 413 3739 a
430 3702 468 3748 b,
498 3708 543 3739 ut
560 3701 744 3739 diameter
762 3701 960 3750 particulae
982 3703 1034 3748 A,
1071 3702 1120 3740 ad
1139 3702 1219 3740 dia-
1273 3705 1322 3740 ob
1352 3703 1567 3742 velocitates
1593 3707 1803 3744 uniformes
1829 3713 1867 3744 et
1893 3705 2035 3743 similes
2053 3713 2233 3744 motuum
2251 3706 2311 3744 di-

177 3760 344 3790 metrum
363 3754 562 3803 particulae
581 3768 616 3800 a,
638 3752 716 3792 sive
733 3761 779 3792 ut
799 3755 838 3792 A
854 3754 884 3792 S
901 3753 950 3792 ad
968 3767 992 3791 a
1010 3768 1036 3798 S,
1058 3755 1117 3792 vel
1139 3755 1175 3793 P
1192 3756 1219 3793 S
1271 3756 1457 3794 rectiones
1466 3766 1627 3808 pergent
1637 3760 1809 3797 similiter
1822 3759 1966 3797 moveri
1978 3758 2212 3807 temporibus
2223 3771 2309 3808 pro·

177 3805 227 3843 ad
245 3818 270 3854 p
289 3818 320 3853 S,
349 3814 388 3844 et
414 3806 583 3858 angulus
606 3808 643 3846 A
667 3807 694 3845 S
716 3807 752 3847 B
767 3806 925 3859 aequalis
943 3807 1087 3860 angulo
1105 3821 1127 3847 a
1144 3822 1163 3846 s
1181 3810 1217 3854 b,
1272 3809 1561 3858 portionalibus‚
1581 3813 1704 3863 us'que
1721 3812 1771 3851 ad
1789 3824 1969 3851 occursus
1987 3824 2075 3851 suos
2094 3812 2249 3860 primos.
