2502 4192
124 263 311 316 met
340 261 613 323 Saeuum]
667 255 1072 310 PRINCIPIA
1111 250 1736 307 MATHEMATICA.
2177 256 2281 303 259

119 403 304 475 pagari
340 393 556 469 concipe
579 417 675 467 per
702 397 1014 449 successivas
1048 394 1477 448 condensationes
1505 402 1556 444 et
1589 390 1956 443 rarefactiones
1991 391 2167 453 medii,
2210 392 2283 442 sic

121 503 180 544 ut
203 491 383 561 pulsus
410 490 657 558 cujusque
682 506 803 557 pars
842 487 1149 539 densissima
1183 483 1492 554 sphaericam
1527 492 1745 551 occupet
1780 481 2111 549 superficiem
2147 480 2285 533 circa

122 591 356 633 centrum
391 578 443 630 A
476 576 806 646 descriptam,
851 586 903 627 et
939 576 1074 627 inter
1113 574 1293 643 pulsus
1340 572 1655 625 successivos
1698 571 1918 641 aequalia
1956 570 2283 623 intercedant

107 2063 400 2133 intervalla,
471 2065 767 2137 Designent
791 2073 965 2116 autem
991 2064 1143 2115 lineae
1169 2062 1205 2114 d
1231 2082 1275 2125 e,
1304 2062 1332 2113 f
1347 2082 1398 2135 g,
1427 2062 1464 2113 h
1490 2063 1523 2125 i,
1553 2062 1589 2116 k
1615 2060 1648 2124 l,
1679 2062 1772 2113 διο.
1801 2060 2132 2112 densissimas
2158 2060 2277 2129 pul-

110 2173 261 2206 suum
305 2164 496 2224 parteS,
539 2174 635 2225 per
674 2155 910 2207 foramen
957 2155 1003 2206 B
1044 2154 1088 2205 C
1130 2162 1461 2224 propagatas·
1539 2151 1611 2203 Et
1651 2150 1898 2220 quoniam
1939 2149 2169 2200 medium
2204 2150 2278 2200 ibi

109 2243 318 2295 densius
345 2239 422 2297 est
446 2263 602 2315 quam
627 2245 683 2296 in
709 2245 886 2314 spatiis
914 2244 1036 2295 hinc
1062 2243 1184 2295 inde
1210 2262 1385 2295 versus
1416 2243 1469 2294 K
1498 2243 1546 2294 L
1573 2252 1624 2293 et
1653 2241 1706 2292 N
1729 2241 1797 2304 O,
1830 2242 1890 2311 (Β)
1910 2240 2147 2292 dilatabit
2163 2259 2276 2292 sese

1214 2386 1407 2428 dilatatur.
1441 2393 1480 2424 et
1507 2385 1715 2434 particulas
1743 2399 1776 2431 a,
1806 2387 1843 2431 b,
1875 2398 1908 2431 c,
1938 2387 2010 2426 διο.
2041 2385 2082 2424 in
2109 2386 2274 2435 pristina

1214 2439 1300 2477 loca
1318 2438 1528 2477 successive
1557 2439 1718 2488 repellit,
1749 2440 1845 2477 dum
1874 2437 2022 2478 interea
2047 2439 2135 2477 aliae
2154 2441 2274 2490 parti·-

104 2395 195 2421 sum
213 2383 406 2433 propulsae
425 2392 515 2423 eant
533 2392 573 2424 et
589 2385 886 2430 condensentur,
917 2393 956 2424 et
974 2385 1041 2424 ubi
1069 2392 1162 2424 sunt

107 2436 343 2476 densissimae
361 2439 585 2487 sphaericam
598 2440 842 2489 superficiem
862 2439 963 2478 circa
982 2446 1159 2478 centrum

110 2491 150 2528 A
187 2489 416 2540 descriptam
452 2505 641 2541 occupare
677 2493 959 2543 intelligantur,
997 2501 1084 2531 tum
1122 2493 1159 2529 vi

105 2541 264 2581 elastica
280 2544 460 2583 rarefiant
478 2553 516 2584 et
534 2546 759 2585 dilatatione
778 2544 850 2584 sua
868 2547 1009 2596 partim
1028 2559 1160 2584 versus

105 2603 285 2636 centrum
307 2599 345 2637 A
365 2598 535 2646 redeant,
555 2600 696 2650 partim
714 2613 737 2638 a
756 2608 888 2639 centro
902 2600 970 2637 illo
984 2612 1157 2651 quaqua-

416 2708 1095 2776 abcdefg

104 2924 258 2951 versum
285 2913 466 2953 recedant
497 2922 536 2954 et
567 2922 694 2965 partes
726 2915 868 2954 vicinas
898 2916 1151 2966 propulsent3

104 2965 160 3004 ita
185 2974 231 3004 ut
255 2967 551 3013 condensentur,
583 2977 699 3019 atque
726 2968 782 3008 ita
810 2970 1031 3008 successivis
1060 2983 1153 3008 con-

105 3018 395 3059 densationibus
431 3030 470 3060 et
506 3022 795 3061 dilatationibus
831 3023 1000 3073 agitetur.
1025 3031 1151 3062 totum

103 3072 291 3111 medium·
353 3075 456 3119 Quae
474 3084 519 3113 ut
538 3075 680 3113 clarius
698 3075 978 3126 intelligantur,
1000 3085 1153 3115 motum

0 3123 15 3156 f*
46 3160 51 3164 ,
104 3126 382 3174 particularum
401 3128 497 3166 a'e‘ris
515 3129 556 3167 in
576 3142 657 3167 uno
684 3129 876 3178 praedictae
904 3131 1065 3179 sphaerae
1091 3143 1153 3168 ra-

104 3178 169 3217 dio
196 3181 514 3230 contemplemur.
575 3182 660 3221 Sint
677 3196 712 3229 a,
732 3185 769 3229 b,
790 3195 823 3228 c,
845 3183 882 3229 d,
905 3185 973 3221 &c.
1007 3191 1153 3232 puncta

103 3232 261 3283 physica
279 3234 398 3272 medii
424 3235 655 3286 quiescentis
673 3236 715 3273 in
733 3235 836 3274 recta
855 3250 879 3273 a
896 3250 933 3287 q,
954 3236 1004 3274 ad
1023 3249 1151 3286 aequa-

103 3284 161 3323 les
192 3288 239 3324 ab
264 3285 430 3325 invicem
459 3288 658 3327 distantias
686 3290 769 3327 sita.
832 3289 1032 3327 Punctum
1051 3303 1085 3336 a,
1116 3290 1152 3327 vi

105 3338 278 3389 qualibet
295 3339 559 3379 acceleratrice
576 3350 774 3393 urgeatur,
795 3342 1010 3381 secundum
1030 3342 1152 3380 direc-

103 3391 263 3436 tionem,
285 3405 309 3429 a
326 3405 362 3443 q,
383 3401 422 3431 et
439 3394 580 3432 deinde
605 3403 775 3433 cessante
793 3396 850 3433 vis
868 3396 971 3433 illius
989 3396 1152 3442 actione,

104 3457 174 3494 per
191 3445 424 3484 celeritatem
444 3448 668 3499 acquisitam
696 3456 908 3490 moveatur.
970 3450 1064 3487 Non
1084 3462 1152 3498 po·

103 3497 192 3536 teri't
211 3498 264 3536 ita
281 3500 427 3537 moveri
446 3501 634 3548 particula
652 3515 686 3547 a,
716 3501 812 3552 quin
838 3502 1050 3540 successive
1068 3514 1152 3539 mo-

103 3559 265 3589 veantur
279 3553 477 3601 particulae
495 3553 581 3591 aliae
598 3556 636 3601 b,
656 3567 687 3595 c,
709 3554 747 3600 d,
768 3568 802 3599 e,
822 3556 892 3593 &c.
916 3563 954 3593 et
965 3556 1057 3606 quia
1070 3568 1152 3593 me-

106 3603 216 3641 dium
244 3606 443 3644 clasticum
472 3607 514 3644 in
542 3607 751 3645 intervallis
768 3610 794 3646 b
812 3621 846 3654 c,
867 3621 888 3645 c
906 3607 944 3652 d,
970 3609 996 3645 d
1015 3621 1048 3651 e,
1078 3609 1148 3646 &c-

104 3656 294 3706 gradatim
314 3660 573 3699 condensatur
592 3670 630 3698 et
650 3661 728 3698 vim
747 3661 942 3698 elasticam
968 3662 1154 3712 majorem

102 3710 265 3760 acquirit
294 3710 377 3762 quit¹
399 3712 573 3751 celeritas
604 3713 803 3761 particulae
834 3727 870 3759 a,
905 3714 977 3751 sibi
1011 3714 1154 3752 relictae

102 3763 289 3801 continuo
313 3766 505 3805 minuitur
524 3780 568 3804 ac
587 3767 743 3805 tandem
770 3780 924 3815 prorsus
953 3768 1149 3818 extingui-

1169 2707 1205 2758 h
1279 2708 1315 2757 k

1214 2494 1313 2531 culae
1334 2502 1378 2531 ut
1403 2507 1442 2543 g,
1459 2494 1512 2539 li,
1541 2494 1611 2530 διε.
1637 2505 1768 2529 versus
1788 2505 1811 2542 q
1831 2492 2159 2543 progrediuntur3
2190 2507 2272 2545 quo

1212 2555 1322 2584 motu
1355 2547 1529 2583 medium
1557 2559 1692 2583 rursus
1718 2546 1979 2583 condensatur
2005 2558 2137 2584 versus
2164 2560 2202 2597 q,
2234 2555 2276 2586 et

1213 2599 1354 2638 deinde
1386 2598 1569 2651 utrinque
1605 2599 1800 2646 dilatatur,
1838 2598 1955 2649 atque
1991 2598 2047 2637 ita
2083 2600 2269 2651 deinceps

1395 2706 1832 2776 lmnpq

1285 2791 1943 2862 lllllll

1209 2916 1345 2966 pulsus
1363 2928 1432 2966 per
1450 2915 1684 2955 successivas
1703 2915 2026 2954 condensationes
2045 2923 2083 2955 et
2102 2917 2270 2956 rarefac.

1209 2970 1335 3008 tiones
1354 2968 1472 3006 medii
1492 2978 1768 3020 propagantur.
1830 2972 1851 2994 ¹*
1880 2970 1981 3007 Haec
2009 2970 2197 3019 pulsuum
2224 2970 2268 3008 in

1207 3023 1338 3061 medio
1383 3023 1539 3060 elastico
1584 3023 1810 3074 genitorum
1850 3022 2002 3069 natura,
2050 3023 2100 3061 ad
2146 3024 2265 3073 Prop-

1211 3076 1399 3116 XLVII.
1413 3076 1537 3114 fusius
1556 3076 1808 3125 expendetur,
1830 3075 1897 3114 sed
1918 3076 1992 3115 isto
2009 3076 2051 3114 in
2072 3078 2159 3116 loco
2178 3078 2263 3116 haec

1208 3129 1386 3167 sufficere
1408 3129 1598 3168 videntur.

1262 3183 1319 3234 (⁰)
1344 3185 1364 3207 *⁵
1387 3185 1580 3221 Dilatahit
1598 3197 1674 3222 sese
1692 3190 1772 3222 tam
1792 3197 1933 3228 versvm,
1955 3183 2025 3222 διο.
2088 3184 2166 3222 Per
2185 3184 2262 3222 vim

1207 3236 1401 3274 elasticam
1421 3249 1509 3286 quae
1528 3237 1563 3273 vi
1584 3237 1853 3285 comprimenti
1882 3234 1962 3287 qua
1989 3245 2116 3286 partes
2144 3237 2266 3276 medii

1207 3289 1504 3334 condensantur,
1526 3289 1686 3340 aequalis
1704 3298 1774 3337 est,
1797 3299 1835 3328 et
1854 3290 1895 3327 in
1914 3303 2072 3328 omnem
2092 3291 2166 3329 loci
2186 3292 2261 3329 cir-

1209 3343 1509 3381 cumferentiam
1529 3343 1622 3393 agit.

1264 3401 1354 3435 295.
1400 3396 1538 3434 Motus
1558 3395 1746 3445 pulsuum
1766 3396 1808 3434 in
1827 3370 1957 3435 medio
1976 3397 2133 3436 elastico
2152 3410 2262 3446 spec-

1208 3450 1280 3487 tari
1309 3456 1433 3498 potest
1451 3456 1496 3487 ut
1514 3449 1703 3500 analogus
1730 3462 1822 3488 cum
1851 3458 1962 3488 motu
1995 3452 2193 3489 undarum
2219 3450 2263 3487 in

1208 3502 1412 3551 superficIe
1424 3515 1535 3553 aquae
1546 3503 1759 3554 stagnantis
1770 3518 1783 3550 ;
1804 3516 1894 3540 nam
1910 3504 2161 3542 condensatio
2173 3517 2261 3553 par-

1208 3556 1308 3594 tium
1328 3555 1447 3592 medii
1466 3556 1613 3593 elastici
1631 3556 1764 3594 locum
1782 3564 1888 3595 tenet
1899 3557 2123 3595 elevationis
2141 3570 2261 3607 aqua-

1207 3621 1306 3653 rum,
1329 3608 1384 3646 vis
1403 3608 1558 3647 elastica
1575 3609 1694 3647 medii
1713 3610 1845 3648 locum
1864 3610 2062 3661 gravitatis
2076 3622 2200 3661 aquae,
2222 3618 2262 3648 et

1210 3675 1296 3710 pars
1308 3663 1494 3711 pulsuum
1509 3662 1735 3701 densissima
1750 3664 1846 3712 parti
1860 3663 2052 3701 undarum
2065 3662 2261 3700 altissimae

1210 3714 1491 3764 correspondet.
1556 3715 1672 3754 Unde
1708 3716 1748 3754 in
1786 3729 1949 3766 utroque
1978 3724 2101 3761 motu,
2140 3716 2260 3754 medii

1208 3768 1410 3817 particulae
1439 3781 1507 3817 per
1533 3769 1662 3807 brevia
1680 3771 1803 3817 spatia
1821 3777 1916 3807 eunt
1934 3777 1972 3807 et
1990 3769 2167 3814 redeunt,
2198 3769 2258 3811 in-

102 3825 190 3862 tur3
230 3825 314 3854 tum
351 3817 440 3857 vero
476 3820 650 3858 medium
688 3820 966 3859 condensatum
1003 3821 1041 3857 vi
1080 3821 1150 3859 sua
1203 3822 1402 3860 terendum
1424 3822 1560 3871 pulsus
1587 3822 1646 3859 vel
1675 3823 1782 3861 unda
1810 3830 2045 3872 propagatur
2074 3823 2192 3876 (29⁴)
2219 3832 2260 3865 et

102 3868 254 3908 clasticd
284 3871 465 3923 utrinque
489 3880 729 3912 tam‘versus
756 3886 790 3920 a,
822 3886 939 3924 quam
966 3886 1097 3913 versus
1124 3887 1149 3926 q
1205 3875 1342 3913 eodem
1360 3875 1478 3914 modo
1497 3888 1575 3926 quo
1597 3877 1696 3929 (293
1716 3876 1911 3913 undarum
1929 3874 2175 3914 reflexionem
2189 3889 2263 3917 ειη

1137 3948 1223 3986 Ra
