2502 4192
94 234 279 287 Lmen
308 234 581 298 Stoma]
635 228 1040 283 PRINCIPIA
1080 225 1702 282 MATHEMATICA.
2141 239 2245 289 257

85 377 309 428 frustum
333 374 464 427 illud
489 373 793 427 secundum.
875 375 1119 426 Frustum
1157 374 1316 446 igitur
1354 374 1388 426 d
1415 393 1444 425 e
1470 373 1550 445 fg
1584 373 1720 425 inter
1760 390 1948 424 conum
1990 374 2041 427 A
2067 375 2102 426 d
2129 395 2158 428 e
2195 386 2248 428 et

84 466 306 517 frustum
331 465 360 516 s
374 464 411 515 h
436 464 454 514 i
479 483 516 535 g
542 464 901 533 comprimitur
939 465 1197 534 utrinque,
1243 473 1293 515 et
1330 473 1609 531 propterea
1645 467 1759 532 (per
1789 462 1964 513 Corol.
1994 471 2042 515 6.
2086 464 2244 533 Prop.

86 556 274 623 XIX.)
311 557 532 628 figuram
558 575 700 607 suam
729 574 932 608 servare
957 556 1150 624 nequit,
1182 555 1280 605 nisi
1305 554 1355 605 vi
1382 554 1565 606 eadem
1591 553 1964 622 comprimatur
1991 553 2241 624 undique.

89 647 291 701 Eodem
332 648 491 720 igitur
533 648 732 716 impetu
776 665 879 718 quo
916 631 1170 714 premitur
1205 646 1258 695 in
1299 645 1669 713 superficiebus
1697 644 1729 695 d
1759 664 1803 707 e,
1832 644 1926 715 fg,
1974 643 2246 695 conabitur

84 738 268 792 cedere
294 737 362 791 ad
384 737 547 791 latera
583 738 618 790 d
642 738 677 803 f,
719 757 747 790 e
771 756 835 809 g3
878 736 1070 807 ubique
1111 735 1252 806 (cum
1290 737 1520 807 rigidum
1544 756 1655 790 non
1691 737 1771 801 sit,
1812 736 1903 790 sed
1941 735 2244 790 omnimodo

0 2245 4 2309 ζ
75 2236 317 2305 fluidum)
358 2247 601 2290 excurret
624 2254 684 2288 ac
710 2235 1023 2298 dilatabitur,
1063 2234 1164 2286 nisi
1188 2234 1408 2286 fluidum
1434 2233 1668 2285 ambiens
1695 2231 1845 2296 adsit,
1887 2251 1993 2303 quo
2018 2243 2241 2287 conatus

75 2328 173 2382 iste
201 2329 522 2381 cohibeatur.
578 2327 809 2381 Proinde
836 2335 1026 2379 conatu
1052 2325 1380 2388 excurrendi,
1409 2334 1611 2393 premet
1631 2334 1733 2375 tam
1761 2322 1979 2375 fluidum
2003 2325 2241 2377 ambiens

77 2418 144 2469 ad
169 2417 334 2469 latera
361 2417 397 2469 d
422 2416 456 2480 f,
486 2436 515 2468 e
540 2436 577 2488 g
603 2435 759 2486 quam
783 2415 1008 2467 frustum
1034 2414 1061 2465 f
1077 2434 1112 2484 g
1136 2414 1174 2465 h
1200 2415 1216 2464 i
1242 2414 1426 2465 eodem
1452 2413 1683 2481 impetu;
1711 2421 1763 2463 et
1787 2422 2068 2480 propterea
2092 2432 2242 2482 pres-

0 2568 3 2573 *
77 2508 155 2559 sio
192 2525 299 2558 non
341 2506 513 2557 minus
540 2505 915 2576 propagabitur
941 2524 971 2555 a
995 2504 1241 2555 lateribus
1268 2503 1303 2553 d
1329 2502 1362 2565 f,
1393 2522 1420 2553 e
1445 2522 1481 2573 g
1506 2503 1559 2552 in
1588 2501 1753 2570 spatia
1781 2500 1836 2553 N
1863 2500 1930 2565 O,
1964 2502 2017 2555 Κ
2051 2504 2091 2555 L
2119 2503 2241 2555 hinc

0 2595 4 2638 ἶ
74 2595 214 2658 inde,
244 2613 399 2665 quam
423 2604 742 2665 propagatur
767 2613 798 2648 a
824 2592 1094 2661 superficie
1118 2592 1197 2663 fg
1223 2610 1401 2642 versus
1431 2591 1476 2642 P
1504 2590 1573 2651 Q.
1653 2589 1723 2651 Q.
1752 2608 1796 2640 e.
1826 2588 1877 2640 d.

379 2803 853 2857 PROPOSITIO
894 2804 1080 2856 XLII.
1158 2803 1612 2856 THEOREMA
1652 2802 1943 2855 XXXIII.

77 2953 251 3006 Motus
293 2955 450 3006 omnis
482 2972 582 3022 per
601 2955 827 3026 fluidum
861 2964 1177 3023 propagatus
1221 2955 1438 3024 divergit
1476 2972 1509 3004 a
1552 2961 1685 3005 recto
1723 2955 1926 3006 tramite
1969 2956 2023 3005 in
2066 2957 2238 3021 spatia

1053 3049 1267 3099 immota.

154 3201 267 3253 Cas,
301 3207 347 3251 1.
402 3199 730 3271 Propagetur
768 3208 939 3249 motus
966 3218 996 3249 a
1020 3209 1216 3267 puncto
1252 3198 1302 3250 A
1340 3217 1434 3268 per
1471 3197 1704 3250 foramen
1745 3198 1791 3250 B
1822 3198 1883 3261 C,
1929 3207 2236 3269 pergatque,

0 3310 1 3342 3
77 3288 121 3340 si
145 3287 261 3340 fieri
285 3297 473 3356 potest,
513 3288 568 3338 in
594 3288 762 3357 spatio
788 3287 971 3339 conico
1011 3287 1057 3339 B
1087 3288 1132 3339 C
1162 3287 1216 3350 Q
1244 3288 1305 3350 P,
1353 3288 1639 3339 secundum
1673 3287 1835 3338 lineas
1874 3297 2039 3339 rectas
2066 3287 2240 3339 diver-

75 3386 257 3448 gentes
284 3395 313 3427 a
337 3384 536 3444 puncto
562 3378 630 3428 A.
707 3377 779 3428 Et
802 3395 1059 3446 ponamus
1092 3377 1263 3446 primo
1298 3376 1440 3447 quod
1478 3377 1539 3445 (²¹)
1568 3386 1739 3427 motus
1765 3375 1863 3427 iste
1890 3375 1955 3427 sit
1981 3375 2240 3428 undarum

75 3465 130 3516 in
160 3463 433 3533 superficie
483 3466 767 3536 stagnantis
811 3484 975 3536 aquae.
1054 3466 1271 3536 Sintque
1315 3465 1351 3516 d
1377 3484 1422 3528 e,
1451 3464 1546 3535 fg,
1574 3464 1612 3515 h
1636 3464 1669 3528 i,
1706 3464 1802 3527 kl,
1843 3465 1938 3516 &c.
1979 3464 2239 3515 undarum

133 3605 188 3659 (³)
213 3608 343 3646 Motus
362 3609 431 3646 iste
450 3610 497 3647 sit
516 3611 733 3651 undarum,
755 3609 824 3647 &c.
859 3609 932 3646 Vis
950 3609 1134 3659 quaelibet
1186 3616 1265 3648 tem
1285 3608 1521 3658 replendam,
1542 3608 1684 3658 partim
1701 3608 1742 3646 in
1762 3608 1917 3659 plagam
1946 3606 2161 3657 oppositam
2180 3606 2237 3644 fe-

22 3690 25 3693 <
79 3660 260 3699 deorsum
281 3660 426 3699 directa
445 3661 485 3697 in
506 3661 751 3710 superficiem
780 3663 995 3713 stagnantis
1022 3676 1133 3713 aquae
1188 3671 1306 3708 retur,
1336 3670 1376 3700 et
1402 3663 1597 3700 celeritate
1611 3662 1785 3700 cadendo
1804 3661 1989 3712 acquisita
2007 3673 2145 3698 novam
2174 3672 2236 3697 ca-

0 3734 7 3757 ;,
78 3720 169 3765 agat
187 3712 227 3750 in
249 3713 294 3756 A,
317 3721 355 3751 et
367 3714 529 3752 cavitate
543 3714 658 3759 facta,
680 3723 792 3765 cogat
807 3729 947 3766 aquam
964 3716 1131 3754 circum·
1188 3716 1342 3753 vitatem
1362 3716 1556 3762 formabit,
1578 3724 1693 3767 atque
1706 3714 1761 3754 ita
1775 3715 1956 3763 deinceps
1970 3713 2088 3752 undae
2105 3720 2236 3751 motus

0 3788 1 3791 =
78 3779 232 3817 quaque
251 3767 467 3813 ascendere,
489 3781 589 3818 aqua
607 3768 753 3806 elevata
765 3768 800 3804 vi
820 3769 985 3818 propriae
1004 3771 1129 3820 gravi·
1183 3782 1253 3818 per
1280 3769 1539 3806 successivum
1568 3782 1772 3809 ascensum
1790 3777 1828 3808 et
1846 3769 2076 3807 descensum
2095 3778 2233 3817 propa·

79 3819 167 3858 tatis
185 3819 456 3859 descendendo
473 3822 612 3872 partim
631 3820 769 3860 refluet
787 3822 829 3859 in
848 3823 899 3870 A,
920 3822 969 3861 ad
988 3823 1130 3862 cavita·
1185 3823 1340 3874 gabitur
1357 3824 1400 3860 in
1418 3824 1566 3862 orbem.

141 3889 240 3927 Vo1„
265 3889 327 3928 11.
1144 3892 1184 3931 R
