2502 4192
207 277 310 323 238
745 262 1313 321 PHILOSOPHIAE
1352 257 1806 313 NATURALIS
1896 255 2355 321 [M0T.C0R1>on.

486 528 956 584 PROPOSITIO
996 527 1284 580 XXXIX.
1362 524 1815 578 THEOREMA
1854 525 2079 577 XXXI.

213 682 384 744 Globi,
419 700 519 747 per
537 682 763 750 fluidum
795 681 848 729 in
873 679 1044 729 canali
1080 679 1354 746 cylindrico
1387 679 1603 728 clausum
1628 685 1677 728 et
1701 693 2015 744 compressum
2040 677 2357 745 uniformiter

270 773 658 840 progredientis,
698 771 984 821 resistentia
1020 773 1090 819 es't
1120 771 1190 819 ad
1222 770 1334 830 vim,
1379 766 1478 835 qud
1514 775 1642 818 totus
1676 765 1777 834 ejus
1806 774 1975 828 motus,
2014 768 2207 817 interea
2241 769 2355 817 dum

279 869 383 912 octo
408 860 584 911 tertias
599 867 778 926 partes
804 859 1042 909 diametri
1064 875 1165 907 suce
1200 857 1447 917 describit,
1490 857 1566 907 vel
1585 856 1828 923 generari
1843 855 2008 920 possit
2033 856 2109 905 vel
2132 856 2260 917 tolli,
2302 855 2357 905 in

278 950 478 1000 ratione
503 965 614 1016 quoe
638 949 948 1014 componitur
973 965 1032 996 ea¹
1053 945 1256 1009 *ratione
1290 947 1369 996 ori
1405 946 1473 995 cii
1498 946 1691 995 canalis
1719 946 1789 994 ad
1823 961 2061 994 excessum
2086 941 2229 1010 hujus
2254 944 2357 993 ori-

257 1041 383 1106 ficii
418 1056 568 1106 supra
609 1039 867 1089 dimidium
893 1038 1071 1087 circuli
1106 1036 1314 1086 maximi
1349 1036 1504 1103 globi,
1551 1044 1599 1086 et
1640 1036 1839 1085 ratione
1873 1033 2132 1101 duplicatd
2176 1036 2257 1083 ori
2292 1035 2359 1085 cii

277 1128 470 1178 canalis
486 1129 555 1177 ad
573 1145 810 1177 excessum
829 1125 970 1192 hujus
995 1126 1179 1192 opificii
1203 1141 1354 1190 supra
1375 1126 1608 1175 circulum
1624 1126 1890 1176 maximum
1910 1124 2071 1191 globi,
2094 1129 2141 1173 et
2158 1124 2360 1173 ratione

278 1218 538 1268 densitatis
542 1217 712 1287 fluidi
734 1217 805 1266 ad
829 1216 1121 1266 densitatem
1140 1213 1281 1282 globi
1306 1210 1691 1281 quamproxime.

281 1363 433 1415 Patet
480 1380 575 1431 per
627 1360 803 1413 Corol.
850 1367 900 1411 2.
948 1360 1108 1428 Prop.
1161 1357 1471 1410 XXXVII.
1522 1355 1759 1425 procedit
1807 1354 1931 1407 vero
1982 1353 2353 1408 demonstratio

208 1452 270 1521 (a)
299 1449 736 1521 quemadmodum
762 1449 817 1500 in
845 1447 1210 1520 Propositione
1234 1445 1579 1519 praecedente.

1151 1661 1296 1714 Sclzol
1297 1662 1411 1712 ium.

273 1806 340 1857 In
368 1805 817 1874 Propositionibus
845 1805 1045 1857 duabus
1071 1803 1360 1857 novissimis
1389 1804 1629 1875 (perinde
1654 1813 1714 1856 ut
1739 1804 1794 1855 in
1820 1804 1970 1856 Lem.
1992 1803 2082 1869 V.)
2112 1820 2351 1873 suppono

202 1891 340 1962 qubd
368 1912 502 1964 aqua
527 1894 695 1945 omnis
723 1894 1026 1964 congelatur
1051 1912 1167 1963 quae
1191 1893 1406 1964 globum
1423 1892 1689 1962 praecedit,
1719 1902 1771 1945 et
1787 1895 1931 1963 cujus
1949 1892 2176 1946 fluiditas
2197 1902 2355 1964 auget

201 1982 544 2033 resistentiam
584 1982 742 2053 globi.
823 1982 878 2035 Si
914 2001 1047 2054 aqua
1089 1982 1178 2033 illa
1218 1983 1385 2033 omnis
1429 1982 1695 2052 liquescat,
1748 1983 2023 2053 augebitur
2061 1982 2352 2034 resistentia

204 2071 599 2141 aliquantulum.
667 2071 772 2123 Sed
788 2080 1122 2142 augmentum
1147 2071 1275 2124 illud
1300 2071 1355 2122 in
1381 2070 1460 2121 his
1480 2071 1937 2141 Propositionibus
1957 2089 2176 2141 parvum
2193 2071 2289 2123 erit
2305 2080 2357 2122 et

205 2160 401 2232 negligi
424 2170 611 2229 potest,
657 2170 933 2230 propterea
960 2159 1102 2231 quod
1129 2177 1365 2212 convexa
1398 2159 1699 2229 superficies
1735 2160 1879 2232 globi
1916 2170 2083 2213 totum
2108 2159 2215 2212 fere
2242 2159 2355 2212 offi-

206 2249 343 2302 cium
366 2248 551 2321 glaciei
575 2248 744 2301 faciat.

632 2476 1105 2532 PROPOSITIO
1144 2478 1270 2531 XL.
1349 2480 1780 2533 PROBLEMA
1821 2480 1923 2532 IX.

211 2618 379 2682 Globi,
417 2622 472 2671 in
507 2622 669 2673 medio
688 2623 1002 2693 fluidissimo
1040 2641 1308 2691 compresso
1332 2626 1720 2692 progredientis,
1767 2625 1993 2676 invenire
2023 2622 2355 2674 resistentiam

1042 2729 1143 2779 per
1157 2714 1503 2779 phaenomena.

283 2852 361 2905 Sit
394 2854 446 2904 A
479 2854 685 2922 pondus
722 2854 867 2925 globi
904 2855 958 2906 in
992 2873 1171 2919 vaCUO,
1220 2857 1267 2909 B
1298 2856 1505 2925 pondus
1544 2857 1655 2925 ejus
1682 2856 1735 2906 in
1759 2855 1932 2907 medio
1966 2855 2252 2919 resistente,
2294 2855 2350 2908 D

209 2940 459 2994 diameter
483 2942 642 3012 globi,
675 2943 719 2995 F
745 2944 966 3012 spatium
992 2945 1133 3015 quod
1159 2946 1225 2997 sit
1249 2946 1316 2997 ad
1340 2946 1373 3019 ᾗ
1398 2946 1454 2998 D
1475 2956 1533 2998 ut
1558 2946 1782 2998 densitas
1798 2945 1941 3016 globi
1960 2944 2027 2996 ad
2046 2944 2351 2996 densitatem

208 3102 371 3155 ide6que
400 3106 606 3144 dimidium
634 3115 785 3146 motum
813 3107 962 3146 amittet
981 3121 1060 3159 quo
1078 3115 1252 3157 tempore
1304 3111 1583 3159 longitudinem
1619 3112 1792 3148 duarum
1829 3110 1946 3160 ipsius
1979 3111 2254 3147 diametrorum
2286 3109 2351 3145 de-

208 3167 444 3205 percurreret
459 3160 702 3198 uniformiter
716 3169 802 3199 octo
818 3160 945 3199 tertias
957 3161 1133 3199 diametri
1149 3175 1250 3208 suae;
1305 3165 1509 3211 scripserit.
1570 3163 1622 3207 Q.
1645 3176 1678 3200 e.
1702 3162 1739 3200 d.

209 3209 276 3247 sed
294 3210 392 3271 illud
418 3214 585 3260 spatium
611 3214 858 3251 uniformiter
885 3208 1110 3263 percursum
1128 3222 1186 3252 est
1203 3214 1253 3252 ad

209 3270 375 3312 spatium
404 3277 628 3313 percursum
661 3267 861 3305 velocitate
896 3281 965 3317 per
997 3267 1253 3306 resistentiam

210 3362 451 3402 decrescente
477 3373 523 3403 ut
549 3334 650 3438 'Ji-li}
672 3367 768 3420 (sive
778 3358 831 3422 -})
852 3367 903 3406 ad
930 3367 1206 3420 logarithmum
1232 3380 1255 3406 e

210 3481 363 3520 tabulis
383 3482 631 3532 desumptum
667 3486 892 3535 quantitatis

935 3523 973 3558 A
999 3521 1034 3558 B
1070 3486 1168 3539 (sive
1200 3475 1253 3542 ξ)

211 3567 511 3618 multiplicatum
539 3582 608 3619 per
635 3574 901 3620 250258509,
930 3581 969 3610 et
986 3573 1053 3610 ille
1072 3572 1256 3624 logarith-

211 3632 301 3659 mus
317 3629 375 3659 est
392 3627 608 3670 .5010300‚
639 3624 871 3672 productum
904 3638 998 3677 ergo
1029 3626 1100 3664 erit
1118 3630 1252 3672 .6981,

213 3687 283 3726 διε.
308 3687 396 3726 ideo
418 3693 451 3726 1.
475 3688 525 3727 ad
544 3693 679 3736 .6931,
707 3691 776 3729 &a
790 3678 878 3742 ut}
897 3691 948 3735 D,
959 3690 1008 3729 ad
1023 3692 1250 3735 1.84852><

214 3738 271 3799 J),
302 3742 406 3791 quod
438 3742 597 3792 quidem
629 3743 748 3791 paulo
771 3745 902 3782 minus
930 3754 987 3783 est
1011 3759 1127 3796 quam
1152 3751 1176 3783 2
1199 3747 1252 3792 D,

212 3790 302 3851 lde&
333 3794 473 3844 globus
493 3795 536 3832 in
564 3795 686 3835 fluido
714 3796 887 3847 ejusdem
915 3798 1114 3837 densitatis
1140 3798 1255 3837 dimi-

213 3842 317 3883 diam
345 3847 407 3885 sui
437 3856 568 3887 motus
596 3857 745 3899 partem
778 3849 884 3899 prius
916 3850 1104 3890 describet
1134 3866 1255 3903 quam

1361 3215 1419 3268 (³)
1442 3218 1464 3240 ²*
1491 3218 1819 3259 Quemadmodum
1850 3216 1892 3253 in
1923 3216 2180 3265 Propositione
2204 3227 2350 3264 praece-

1308 3271 1430 3308 dente.
1481 3268 1771 3306 Demonstratio
1786 3267 1919 3305 eadem
1938 3275 2081 3314 manet,
2102 3280 2190 3317 quse
2206 3268 2245 3304 in
2259 3273 2351 3304 nota

1311 3326 1400 3360 281.
1432 3321 1681 3372 adjungenda
1706 3328 1855 3359 tantum
1883 3322 1965 3358 haec
1993 3329 2106 3360 sunt:
2138 3320 2351 3358 resistentia

1309 3382 1439 3413 autem
1458 3374 1620 3424 cylindri
1638 3382 1695 3412 est
1712 3373 1761 3411 ad
1779 3375 1879 3412 hanc
1890 3374 1968 3411 vim
1986 3386 2102 3424 quam
2122 3371 2294 3422 proxime
2310 3373 2351 3409 in

1309 3428 1457 3465 ratione
1475 3441 1561 3478 quae
1582 3427 1825 3475 componitur
1839 3440 1885 3465 ex
1900 3428 2046 3465 ratione
2058 3426 2192 3464 orificii
2205 3425 2351 3464 canalis

1309 3481 1360 3519 ad
1386 3493 1585 3518 excessum
1612 3481 1728 3531 hujus
1756 3480 1891 3519 orificii
1918 3493 2033 3529 supra
2051 3479 2254 3518 dimidium
2275 3479 2349 3524 αἰνή

1310 3533 1389 3571 culi
1415 3534 1574 3572 maximi
1602 3533 1718 3581 globi,
1753 3541 1792 3571 et
1818 3533 1964 3571 ratione
1993 3532 2186 3581 duplicata
2213 3531 2348 3571 orificii

1310 3587 1453 3625 canalis
1480 3587 1535 3631 ad.
1556 3600 1753 3625 excessum
1780 3586 1900 3638 hujus
1925 3585 2058 3623 orificii
2079 3597 2193 3633 supra
2224 3585 2348 3624 circu-

1307 3639 1391 3677 lum
1418 3640 1632 3678 maximum
1660 3639 1779 3691 globi,
1809 3648 1847 3677 et
1873 3638 2018 3676 ratione
2045 3637 2240 3676 densitatis
2259 3636 2348 3677 flui-

1308 3692 1349 3730 di
1385 3693 1434 3730 ad
1470 3693 1696 3731 densitatem
1734 3692 1839 3744 globi
1877 3695 1963 3743 (per
1998 3691 2124 3729 Corol.
2156 3696 2190 3728 2.
2229 3691 2345 3741 Prop.

1313 3746 1605 3796 XXXVII.);
1645 3753 1684 3784 et
1718 3745 1931 3784 resistentia
1959 3744 2064 3795 globi
2100 3743 2259 3793 aequalis
2290 3750 2347 3780 est

1310 3799 1534 3890 resistegtiae
1569 3798 1744 3850 cylindri,
1783 3811 1851 3850 per
1888 3797 2000 3836 Lem.
2035 3797 2087 3836 V.
2122 3797 2199 3836 Vl.
2238 3793 2343 3835 VII.

1313 3852 1366 3897 Q.
1389 3864 1423 3891 e.
1473 3878 1485 3891 .
