<?xml version="1.0" encoding="UTF-8"?>
<!DOCTYPE html PUBLIC "-//W3C//DTD XHTML 1.0 Transitional//EN"
    "http://www.w3.org/TR/xhtml1/DTD/xhtml1-transitional.dtd">
<html xmlns="http://www.w3.org/1999/xhtml" xml:lang="en" lang="en">
 <head>
  <title>
</title>
<meta http-equiv="Content-Type" content="text/html;charset=utf-8" />
  <meta name='ocr-system' content='tesseract 3.04.00' />
  <meta name='ocr-capabilities' content='ocr_page ocr_carea ocr_par ocr_line ocrx_word'/>
</head>
<body>
  <div class='ocr_page' id='page_1' title='image "./philonatrualprin02newtrich_0176.png"; bbox 0 0 2502 4192; ppageno 0'>
   <div class='ocr_carea' id='block_1_1' title="bbox 243 300 2389 365">
    <p class='ocr_par' dir='ltr' id='par_1_1' title="bbox 243 300 2389 365">
     <span class='ocr_line' id='line_1_1' title="bbox 243 300 2389 365; baseline 0 -13"><span class='ocrx_word' id='word_1_1' title='bbox 243 306 346 352; x_wconf 79' lang='lat'>164·</span> <span class='ocrx_word' id='word_1_2' title='bbox 786 301 1361 353; x_wconf 80' lang='lat' dir='ltr'>PHILOSOPHIAE</span> <span class='ocrx_word' id='word_1_3' title='bbox 1395 300 1848 353; x_wconf 86' lang='lat' dir='ltr'>NATURALIS</span> <span class='ocrx_word' id='word_1_4' title='bbox 1938 300 2115 365; x_wconf 80' lang='lat' dir='ltr'>[Mo&#39;r.</span> <span class='ocrx_word' id='word_1_5' title='bbox 2138 300 2389 353; x_wconf 73' lang='lat' dir='ltr'>CoRPoR.</span> 
     </span>
    </p>
   </div>
   <div class='ocr_carea' id='block_1_2' title="bbox 237 442 2394 1235">
    <p class='ocr_par' dir='ltr' id='par_1_2' title="bbox 237 442 2394 1235">
     <span class='ocr_line' id='line_1_2' title="bbox 237 442 2389 515; baseline -0.001 -18"><span class='ocrx_word' id='word_1_6' title='bbox 237 446 477 498; x_wconf 84' lang='lat' dir='ltr'>infimum</span> <span class='ocrx_word' id='word_1_7' title='bbox 506 445 749 515; x_wconf 89' lang='lat' dir='ltr'>cycloidis</span> <span class='ocrx_word' id='word_1_8' title='bbox 768 453 1037 512; x_wconf 90' lang='lat' dir='ltr'>punctum,</span> <span class='ocrx_word' id='word_1_9' title='bbox 1069 445 1133 511; x_wconf 72' lang='lat' dir='ltr'>(g)</span> <span class='ocrx_word' id='word_1_10' title='bbox 1161 453 1213 494; x_wconf 94' lang='lat' dir='ltr'>et</span> <span class='ocrx_word' id='word_1_11' title='bbox 1239 443 1337 494; x_wconf 88' lang='lat' dir='ltr'>erit</span> <span class='ocrx_word' id='word_1_12' title='bbox 1365 442 1411 494; x_wconf 87' lang='lat' dir='ltr'>C</span> <span class='ocrx_word' id='word_1_13' title='bbox 1431 443 1487 495; x_wconf 94' lang='lat' dir='ltr'>D</span> <span class='ocrx_word' id='word_1_14' title='bbox 1515 452 1571 494; x_wconf 88' lang='lat' dir='ltr'>ut</span> <span class='ocrx_word' id='word_1_15' title='bbox 1595 443 1672 493; x_wconf 90' lang='lat' dir='ltr'>vis</span> <span class='ocrx_word' id='word_1_16' title='bbox 1698 462 1730 493; x_wconf 88' lang='lat' dir='ltr'>a</span> <span class='ocrx_word' id='word_1_17' title='bbox 1753 443 2004 514; x_wconf 87' lang='lat' dir='ltr'>gravitate</span> <span class='ocrx_word' id='word_1_18' title='bbox 2023 443 2260 506; x_wconf 86' lang='lat' dir='ltr'>oriunda,</span> <span class='ocrx_word' id='word_1_19' title='bbox 2290 445 2389 513; x_wconf 71' lang='lat' dir='ltr'>qua</span> 
     </span>
     <span class='ocr_line' id='line_1_3' title="bbox 241 531 2391 603; baseline -0.001 -17"><span class='ocrx_word' id='word_1_20' title='bbox 241 553 430 603; x_wconf 90' lang='lat' dir='ltr'>corpus</span> <span class='ocrx_word' id='word_1_21' title='bbox 454 534 508 584; x_wconf 91' lang='lat' dir='ltr'>in</span> <span class='ocrx_word' id='word_1_22' title='bbox 536 534 590 584; x_wconf 94' lang='lat' dir='ltr'>D</span> <span class='ocrx_word' id='word_1_23' title='bbox 618 531 903 583; x_wconf 89' lang='lat' dir='ltr'>secundum</span> <span class='ocrx_word' id='word_1_24' title='bbox 929 540 1229 603; x_wconf 79' lang='lat' dir='ltr'>tangentem</span> <span class='ocrx_word' id='word_1_25' title='bbox 1266 531 1512 601; x_wconf 88' lang='lat' dir='ltr'>cycloidis</span> <span class='ocrx_word' id='word_1_26' title='bbox 1549 541 1781 603; x_wconf 87' lang='lat' dir='ltr'>urgetur,</span> <span class='ocrx_word' id='word_1_27' title='bbox 1828 551 2043 602; x_wconf 89' lang='lat' dir='ltr'>eamque</span> <span class='ocrx_word' id='word_1_28' title='bbox 2071 533 2285 585; x_wconf 83' lang='lat' dir='ltr'>habebit</span> <span class='ocrx_word' id='word_1_29' title='bbox 2309 552 2391 584; x_wconf 84' lang='lat' dir='ltr'>ra-</span> 
     </span>
     <span class='ocr_line' id='line_1_4' title="bbox 239 619 2390 692; baseline -0.001 -17"><span class='ocrx_word' id='word_1_30' title='bbox 239 624 434 676; x_wconf 88' lang='lat' dir='ltr'>tionem</span> <span class='ocrx_word' id='word_1_31' title='bbox 453 621 521 673; x_wconf 89' lang='lat' dir='ltr'>ad</span> <span class='ocrx_word' id='word_1_32' title='bbox 546 620 925 690; x_wconf 83' lang='lat' dir='ltr'>longitudinem</span> <span class='ocrx_word' id='word_1_33' title='bbox 949 620 1166 689; x_wconf 87' lang='lat' dir='ltr'>penduli</span> <span class='ocrx_word' id='word_1_34' title='bbox 1192 619 1256 690; x_wconf 78' lang='lat'>(¹²)</span> <span class='ocrx_word' id='word_1_35' title='bbox 1276 639 1431 690; x_wconf 90' lang='lat' dir='ltr'>quam</span> <span class='ocrx_word' id='word_1_36' title='bbox 1450 620 1609 672; x_wconf 87' lang='lat' dir='ltr'>habet</span> <span class='ocrx_word' id='word_1_37' title='bbox 1635 621 1709 672; x_wconf 91' lang='lat' dir='ltr'>vis</span> <span class='ocrx_word' id='word_1_38' title='bbox 1730 622 1783 671; x_wconf 91' lang='lat' dir='ltr'>in</span> <span class='ocrx_word' id='word_1_39' title='bbox 1809 620 1865 672; x_wconf 93' lang='lat' dir='ltr'>D</span> <span class='ocrx_word' id='word_1_40' title='bbox 1892 621 1958 672; x_wconf 92' lang='lat' dir='ltr'>ad</span> <span class='ocrx_word' id='word_1_41' title='bbox 1982 622 2086 673; x_wconf 88' lang='lat' dir='ltr'>vim</span> <span class='ocrx_word' id='word_1_42' title='bbox 2110 622 2390 692; x_wconf 88' lang='lat' dir='ltr'>gravitatis.</span> 
     </span>
     <span class='ocr_line' id='line_1_5' title="bbox 242 708 2392 781; baseline -0.003 -16"><span class='ocrx_word' id='word_1_43' title='bbox 242 710 737 781; x_wconf 85' lang='lat' dir='ltr'>Exponatur&#39;igitur</span> <span class='ocrx_word' id='word_1_44' title='bbox 756 710 831 760; x_wconf 87' lang='lat' dir='ltr'>vis</span> <span class='ocrx_word' id='word_1_45' title='bbox 849 709 938 760; x_wconf 88' lang='lat' dir='ltr'>illa</span> <span class='ocrx_word' id='word_1_46' title='bbox 952 727 1047 778; x_wconf 88' lang='lat' dir='ltr'>per</span> <span class='ocrx_word' id='word_1_47' title='bbox 1072 709 1453 780; x_wconf 67' lang='lat' dir='ltr'>longitudinem</span> <span class='ocrx_word' id='word_1_48' title='bbox 1473 709 1518 761; x_wconf 90' lang='lat' dir='ltr'>C</span> <span class='ocrx_word' id='word_1_49' title='bbox 1539 710 1612 772; x_wconf 95' lang='lat' dir='ltr'>D,</span> <span class='ocrx_word' id='word_1_50' title='bbox 1640 719 1692 761; x_wconf 91' lang='lat' dir='ltr'>et</span> <span class='ocrx_word' id='word_1_51' title='bbox 1716 709 1791 760; x_wconf 91' lang='lat' dir='ltr'>vis</span> <span class='ocrx_word' id='word_1_52' title='bbox 1817 709 2081 779; x_wconf 86' lang='lat' dir='ltr'>gravitatis</span> <span class='ocrx_word' id='word_1_53' title='bbox 2106 728 2200 777; x_wconf 94' lang='lat' dir='ltr'>per</span> <span class='ocrx_word' id='word_1_54' title='bbox 2226 708 2392 780; x_wconf 88' lang='lat' dir='ltr'>longi-</span> 
     </span>
     <span class='ocr_line' id='line_1_6' title="bbox 239 796 2390 868; baseline -0.003 -14"><span class='ocrx_word' id='word_1_55' title='bbox 239 801 475 854; x_wconf 87' lang='lat' dir='ltr'>tudinem</span> <span class='ocrx_word' id='word_1_56' title='bbox 499 797 730 866; x_wconf 86' lang='lat' dir='ltr'>penduli,</span> <span class='ocrx_word' id='word_1_57' title='bbox 760 808 811 850; x_wconf 91' lang='lat' dir='ltr'>et</span> <span class='ocrx_word' id='word_1_58' title='bbox 836 798 877 849; x_wconf 88' lang='lat' dir='ltr'>si</span> <span class='ocrx_word' id='word_1_59' title='bbox 901 798 956 849; x_wconf 92' lang='lat' dir='ltr'>in</span> <span class='ocrx_word' id='word_1_60' title='bbox 982 799 1038 851; x_wconf 95' lang='lat' dir='ltr'>D</span> <span class='ocrx_word' id='word_1_61' title='bbox 1057 798 1105 850; x_wconf 87' lang='lat' dir='ltr'>E</span> <span class='ocrx_word' id='word_1_62' title='bbox 1131 798 1364 868; x_wconf 86' lang='lat' dir='ltr'>capiatur</span> <span class='ocrx_word' id='word_1_63' title='bbox 1390 798 1446 851; x_wconf 91' lang='lat' dir='ltr'>D</span> <span class='ocrx_word' id='word_1_64' title='bbox 1468 798 1517 850; x_wconf 89' lang='lat' dir='ltr'><strong>K</strong></span> <span class='ocrx_word' id='word_1_65' title='bbox 1546 798 1602 849; x_wconf 91' lang='lat' dir='ltr'>in</span> <span class='ocrx_word' id='word_1_66' title='bbox 1626 796 1686 849; x_wconf 69' lang='lat' dir='ltr'>ea</span> <span class='ocrx_word' id='word_1_67' title='bbox 1706 797 1906 848; x_wconf 88' lang='lat' dir='ltr'>ratione</span> <span class='ocrx_word' id='word_1_68' title='bbox 1927 796 1994 848; x_wconf 92' lang='lat' dir='ltr'>ad</span> <span class='ocrx_word' id='word_1_69' title='bbox 2009 797 2390 868; x_wconf 88' lang='lat' dir='ltr'>longitudinem</span> 
     </span>
     <span class='ocr_line' id='line_1_7' title="bbox 238 887 2393 964; baseline -0.003 -18"><span class='ocrx_word' id='word_1_70' title='bbox 238 891 456 964; x_wconf 90' lang='lat' dir='ltr'>penduli</span> <span class='ocrx_word' id='word_1_71' title='bbox 493 908 649 960; x_wconf 90' lang='lat' dir='ltr'>quam</span> <span class='ocrx_word' id='word_1_72' title='bbox 685 889 843 942; x_wconf 88' lang='lat' dir='ltr'>habet</span> <span class='ocrx_word' id='word_1_73' title='bbox 878 889 1169 942; x_wconf 78' lang='lat' dir='ltr'>resistentia</span> <span class='ocrx_word' id='word_1_74' title='bbox 1194 890 1260 941; x_wconf 87' lang='lat' dir='ltr'>ad</span> <span class='ocrx_word' id='word_1_75' title='bbox 1285 889 1609 962; x_wconf 79' lang='lat' dir='ltr'>gravitatem,</span> <span class='ocrx_word' id='word_1_76' title='bbox 1650 887 1748 939; x_wconf 90' lang='lat' dir='ltr'>erit</span> <span class='ocrx_word' id='word_1_77' title='bbox 1773 887 1829 939; x_wconf 95' lang='lat' dir='ltr'>D</span> <span class='ocrx_word' id='word_1_78' title='bbox 1860 887 1913 938; x_wconf 92' lang='lat' dir='ltr'><strong>K</strong></span> <span class='ocrx_word' id='word_1_79' title='bbox 1943 905 2210 956; x_wconf 84' lang='lat' dir='ltr'>exponens</span> <span class='ocrx_word' id='word_1_80' title='bbox 2237 887 2393 939; x_wconf 90' lang='lat' dir='ltr'>resis-</span> 
     </span>
     <span class='ocr_line' id='line_1_8' title="bbox 240 978 2394 1051; baseline -0.005 -13"><span class='ocrx_word' id='word_1_81' title='bbox 240 986 433 1038; x_wconf 85' lang='lat' dir='ltr'>tentiae.</span> <span class='ocrx_word' id='word_1_82' title='bbox 511 982 707 1035; x_wconf 89' lang='lat' dir='ltr'>Centro</span> <span class='ocrx_word' id='word_1_83' title='bbox 737 983 782 1035; x_wconf 92' lang='lat' dir='ltr'>C</span> <span class='ocrx_word' id='word_1_84' title='bbox 808 992 860 1034; x_wconf 92' lang='lat' dir='ltr'>et</span> <span class='ocrx_word' id='word_1_85' title='bbox 895 982 1167 1051; x_wconf 86' lang='lat' dir='ltr'>intervallo</span> <span class='ocrx_word' id='word_1_86' title='bbox 1205 982 1251 1035; x_wconf 92' lang='lat' dir='ltr'>C</span> <span class='ocrx_word' id='word_1_87' title='bbox 1278 985 1326 1034; x_wconf 91' lang='lat' dir='ltr'>A</span> <span class='ocrx_word' id='word_1_88' title='bbox 1366 982 1449 1033; x_wconf 91' lang='lat' dir='ltr'>vel</span> <span class='ocrx_word' id='word_1_89' title='bbox 1489 981 1535 1032; x_wconf 92' lang='lat' dir='ltr'>C</span> <span class='ocrx_word' id='word_1_90' title='bbox 1563 980 1609 1032; x_wconf 90' lang='lat' dir='ltr'>B</span> <span class='ocrx_word' id='word_1_91' title='bbox 1649 988 1977 1031; x_wconf 86' lang='lat' dir='ltr'>construatur</span> <span class='ocrx_word' id='word_1_92' title='bbox 2021 978 2394 1030; x_wconf 89' lang='lat' dir='ltr'>semi-circulus</span> 
     </span>
     <span class='ocr_line' id='line_1_9' title="bbox 244 1068 2393 1142; baseline -0.004 -14"><span class='ocrx_word' id='word_1_93' title='bbox 244 1076 291 1128; x_wconf 90' lang='lat' dir='ltr'><strong>B</strong></span> <span class='ocrx_word' id='word_1_94' title='bbox 319 1075 366 1126; x_wconf 88' lang='lat' dir='ltr'>E</span> <span class='ocrx_word' id='word_1_95' title='bbox 392 1093 421 1126; x_wconf 91' lang='lat' dir='ltr'>e</span> <span class='ocrx_word' id='word_1_96' title='bbox 451 1074 515 1125; x_wconf 89' lang='lat' dir='ltr'>A.</span> <span class='ocrx_word' id='word_1_97' title='bbox 591 1074 869 1126; x_wconf 88' lang='lat' dir='ltr'>Describat</span> <span class='ocrx_word' id='word_1_98' title='bbox 893 1084 1066 1127; x_wconf 91' lang='lat' dir='ltr'>autem</span> <span class='ocrx_word' id='word_1_99' title='bbox 1093 1091 1281 1142; x_wconf 92' lang='lat' dir='ltr'>corpus</span> <span class='ocrx_word' id='word_1_100' title='bbox 1307 1081 1543 1141; x_wconf 88' lang='lat' dir='ltr'>tempore</span> <span class='ocrx_word' id='word_1_101' title='bbox 1569 1070 1726 1140; x_wconf 73' lang='lat' dir='ltr'>quam</span> <span class='ocrx_word' id='word_1_102' title='bbox 1750 1069 1967 1120; x_wconf 89' lang='lat' dir='ltr'>minimo</span> <span class='ocrx_word' id='word_1_103' title='bbox 1995 1068 2220 1137; x_wconf 90' lang='lat' dir='ltr'>spatium</span> <span class='ocrx_word' id='word_1_104' title='bbox 2258 1068 2313 1120; x_wconf 95' lang='lat' dir='ltr'>D</span> <span class='ocrx_word' id='word_1_105' title='bbox 2340 1068 2393 1132; x_wconf 84' lang='lat' dir='ltr'>d,</span> 
     </span>
     <span class='ocr_line' id='line_1_10' title="bbox 242 1160 2394 1235; baseline -0.002 -18"><span class='ocrx_word' id='word_1_106' title='bbox 242 1176 295 1217; x_wconf 89' lang='lat' dir='ltr'>et</span> <span class='ocrx_word' id='word_1_107' title='bbox 320 1164 501 1218; x_wconf 89' lang='lat' dir='ltr'>erectis</span> <span class='ocrx_word' id='word_1_108' title='bbox 526 1165 911 1235; x_wconf 83' lang='lat' dir='ltr'>perpendiculis</span> <span class='ocrx_word' id='word_1_109' title='bbox 938 1166 994 1219; x_wconf 93' lang='lat' dir='ltr'>D</span> <span class='ocrx_word' id='word_1_110' title='bbox 1022 1165 1087 1230; x_wconf 87' lang='lat' dir='ltr'>E,</span> <span class='ocrx_word' id='word_1_111' title='bbox 1116 1164 1153 1217; x_wconf 92' lang='lat' dir='ltr'>d</span> <span class='ocrx_word' id='word_1_112' title='bbox 1178 1183 1207 1218; x_wconf 93' lang='lat' dir='ltr'>e</span> <span class='ocrx_word' id='word_1_113' title='bbox 1233 1161 1665 1217; x_wconf 72' lang='lat' dir='ltr'>circumferentiae</span> <span class='ocrx_word' id='word_1_114' title='bbox 1703 1160 2091 1213; x_wconf 89' lang='lat' dir='ltr'>occurrentibus</span> <span class='ocrx_word' id='word_1_115' title='bbox 2118 1160 2172 1212; x_wconf 87' lang='lat' dir='ltr'>in</span> <span class='ocrx_word' id='word_1_116' title='bbox 2201 1160 2248 1212; x_wconf 92' lang='lat' dir='ltr'>E</span> <span class='ocrx_word' id='word_1_117' title='bbox 2273 1170 2324 1212; x_wconf 90' lang='lat' dir='ltr'>et</span> <span class='ocrx_word' id='word_1_118' title='bbox 2349 1179 2394 1226; x_wconf 90' lang='lat' dir='ltr'>e,</span> 
     </span>
    </p>
   </div>
   <div class='ocr_carea' id='block_1_3' title="bbox 608 1310 2029 2028">
    <p class='ocr_par' dir='ltr' id='par_1_3' title="bbox 608 1310 2029 2028">
     <span class='ocr_line' id='line_1_11' title="bbox 608 1310 2029 2028; baseline 0.056 -79"><span class='ocrx_word' id='word_1_119' title='bbox 608 1310 2029 2028; x_wconf 95' lang='lat' dir='ltr'>  </span> 
     </span>
    </p>
   </div>
   <div class='ocr_carea' id='block_1_4' title="bbox 593 1993 2025 2083">
    <p class='ocr_par' dir='ltr' id='par_1_4' title="bbox 593 1993 2025 2083">
     <span class='ocr_line' id='line_1_12' title="bbox 593 1993 2025 2083; baseline 0 -7"><span class='ocrx_word' id='word_1_120' title='bbox 593 1993 907 2079; x_wconf 54' lang='lat' dir='ltr'>AMNa&#39;</span> <span class='ocrx_word' id='word_1_121' title='bbox 1296 2030 1444 2076; x_wconf 87' lang='lat' dir='ltr'>co</span> <span class='ocrx_word' id='word_1_122' title='bbox 1590 2032 1714 2083; x_wconf 77' lang='lat'><strong>011)</strong></span> <span class='ocrx_word' id='word_1_123' title='bbox 1976 2030 2025 2076; x_wconf 82' lang='lat' dir='ltr'>B</span> 
     </span>
    </p>
   </div>
   <div class='ocr_carea' id='block_1_5' title="bbox 253 2162 2467 3423">
    <p class='ocr_par' dir='ltr' id='par_1_5' title="bbox 253 2162 2467 3423">
     <span class='ocr_line' id='line_1_13' title="bbox 253 2162 2406 2243; baseline -0.004 -17"><span class='ocrx_word' id='word_1_124' title='bbox 253 2185 401 2227; x_wconf 82' lang='lat' dir='ltr'>erunt</span> <span class='ocrx_word' id='word_1_125' title='bbox 430 2176 543 2226; x_wconf 81' lang='lat' dir='ltr'>haec</span> <span class='ocrx_word' id='word_1_126' title='bbox 568 2184 627 2225; x_wconf 91' lang='lat' dir='ltr'>ut</span> <span class='ocrx_word' id='word_1_127' title='bbox 651 2166 943 2226; x_wconf 84' lang='lat' dir='ltr'>velocitates</span> <span class='ocrx_word' id='word_1_128' title='bbox 971 2193 1098 2243; x_wconf 87' lang='lat' dir='ltr'>quas</span> <span class='ocrx_word' id='word_1_129' title='bbox 1126 2190 1313 2241; x_wconf 91' lang='lat' dir='ltr'>corpus</span> <span class='ocrx_word' id='word_1_130' title='bbox 1351 2173 1407 2223; x_wconf 92' lang='lat' dir='ltr'>in</span> <span class='ocrx_word' id='word_1_131' title='bbox 1441 2191 1621 2236; x_wconf 87' lang='lat' dir='ltr'>vacuo,</span> <span class='ocrx_word' id='word_1_132' title='bbox 1662 2170 2028 2224; x_wconf 90' lang='lat' dir='ltr'>descendendo</span> <span class='ocrx_word' id='word_1_133' title='bbox 2053 2189 2083 2222; x_wconf 92' lang='lat' dir='ltr'>a</span> <span class='ocrx_word' id='word_1_134' title='bbox 2107 2180 2302 2240; x_wconf 90' lang='lat' dir='ltr'>puncto</span> <span class='ocrx_word' id='word_1_135' title='bbox 2342 2162 2406 2230; x_wconf 85' lang='grc' dir='ltr'>Β,</span> 
     </span>
     <span class='ocr_line' id='line_1_14' title="bbox 254 2262 2411 2336; baseline -0.003 -19"><span class='ocrx_word' id='word_1_136' title='bbox 254 2266 543 2336; x_wconf 84' lang='lat' dir='ltr'>acquireret</span> <span class='ocrx_word' id='word_1_137' title='bbox 566 2266 622 2316; x_wconf 91' lang='lat' dir='ltr'>in</span> <span class='ocrx_word' id='word_1_138' title='bbox 647 2265 773 2316; x_wconf 90' lang='lat' dir='ltr'>locis</span> <span class='ocrx_word' id='word_1_139' title='bbox 812 2266 867 2317; x_wconf 94' lang='lat' dir='ltr'>D</span> <span class='ocrx_word' id='word_1_140' title='bbox 895 2275 946 2317; x_wconf 83' lang='lat' dir='ltr'>et</span> <span class='ocrx_word' id='word_1_141' title='bbox 971 2265 1022 2316; x_wconf 90' lang='lat' dir='ltr'>d.</span> <span class='ocrx_word' id='word_1_142' title='bbox 1103 2265 1253 2317; x_wconf 88' lang='lat' dir='ltr'>Patet</span> <span class='ocrx_word' id='word_1_143' title='bbox 1289 2263 1390 2315; x_wconf 90' lang='lat' dir='ltr'>hoc</span> <span class='ocrx_word' id='word_1_144' title='bbox 1429 2268 1546 2333; x_wconf 89' lang='lat' dir='ltr'>(per</span> <span class='ocrx_word' id='word_1_145' title='bbox 1575 2266 1733 2334; x_wconf 89' lang='lat' dir='ltr'>Prop.</span> <span class='ocrx_word' id='word_1_146' title='bbox 1763 2264 1889 2316; x_wconf 88' lang='lat' dir='ltr'>LII..</span> <span class='ocrx_word' id='word_1_147' title='bbox 1918 2264 2038 2315; x_wconf 89' lang='lat' dir='ltr'>Lib.</span> <span class='ocrx_word' id='word_1_148' title='bbox 2067 2264 2152 2329; x_wconf 88' lang='lat' dir='ltr'>L).</span> <span class='ocrx_word' id='word_1_149' title='bbox 2230 2262 2411 2328; x_wconf 86' lang='lat' dir='ltr'>Expo-</span> 
     </span>
     <span class='ocr_line' id='line_1_15' title="bbox 257 2350 2414 2428; baseline -0.003 -21"><span class='ocrx_word' id='word_1_150' title='bbox 257 2367 448 2409; x_wconf 90' lang='lat' dir='ltr'>nantur</span> <span class='ocrx_word' id='word_1_151' title='bbox 484 2359 657 2428; x_wconf 86' lang='lat' dir='ltr'>itaque</span> <span class='ocrx_word' id='word_1_152' title='bbox 685 2357 768 2408; x_wconf 88' lang='lat' dir='ltr'>hae</span> <span class='ocrx_word' id='word_1_153' title='bbox 793 2357 1089 2409; x_wconf 86' lang='lat' dir='ltr'>velocitates</span> <span class='ocrx_word' id='word_1_154' title='bbox 1114 2375 1209 2425; x_wconf 90' lang='lat' dir='ltr'>per</span> <span class='ocrx_word' id='word_1_155' title='bbox 1233 2356 1607 2424; x_wconf 90' lang='lat' dir='ltr'>perpendicula</span> <span class='ocrx_word' id='word_1_156' title='bbox 1632 2356 1721 2407; x_wconf 83' lang='lat' dir='ltr'>illa</span> <span class='ocrx_word' id='word_1_157' title='bbox 1755 2356 1810 2408; x_wconf 94' lang='lat' dir='ltr'>D</span> <span class='ocrx_word' id='word_1_158' title='bbox 1841 2356 1903 2418; x_wconf 89' lang='lat' dir='ltr'>E,</span> <span class='ocrx_word' id='word_1_159' title='bbox 1934 2354 1969 2405; x_wconf 91' lang='lat' dir='ltr'>d</span> <span class='ocrx_word' id='word_1_160' title='bbox 1995 2373 2022 2407; x_wconf 90' lang='lat' dir='ltr'>e</span> <span class='ocrx_word' id='word_1_161' title='bbox 2038 2375 2052 2417; x_wconf 91' lang='lat'>;</span> <span class='ocrx_word' id='word_1_162' title='bbox 2092 2354 2258 2423; x_wconf 90' lang='lat' dir='ltr'>sitque</span> <span class='ocrx_word' id='word_1_163' title='bbox 2285 2351 2339 2403; x_wconf 92' lang='lat' dir='ltr'>D</span> <span class='ocrx_word' id='word_1_164' title='bbox 2370 2350 2414 2401; x_wconf 88' lang='lat' dir='ltr'><strong>F</strong></span> 
     </span>
     <span class='ocr_line' id='line_1_16' title="bbox 256 2442 2467 2519; baseline -0.004 -19"><span class='ocrx_word' id='word_1_165' title='bbox 256 2449 498 2500; x_wconf 87' lang='lat' dir='ltr'>velocitas</span> <span class='ocrx_word' id='word_1_166' title='bbox 543 2468 699 2518; x_wconf 87' lang='lat' dir='ltr'>quam</span> <span class='ocrx_word' id='word_1_167' title='bbox 737 2449 956 2519; x_wconf 89' lang='lat' dir='ltr'>acquirit</span> <span class='ocrx_word' id='word_1_168' title='bbox 992 2449 1047 2499; x_wconf 90' lang='lat' dir='ltr'>in</span> <span class='ocrx_word' id='word_1_169' title='bbox 1085 2449 1140 2500; x_wconf 94' lang='lat' dir='ltr'>D</span> <span class='ocrx_word' id='word_1_170' title='bbox 1180 2448 1415 2499; x_wconf 88' lang='lat' dir='ltr'>cadendo</span> <span class='ocrx_word' id='word_1_171' title='bbox 1441 2448 1507 2499; x_wconf 92' lang='lat' dir='ltr'>de</span> <span class='ocrx_word' id='word_1_172' title='bbox 1535 2449 1582 2500; x_wconf 88' lang='lat' dir='ltr'>B</span> <span class='ocrx_word' id='word_1_173' title='bbox 1607 2449 1661 2499; x_wconf 91' lang='lat' dir='ltr'>in</span> <span class='ocrx_word' id='word_1_174' title='bbox 1686 2447 1860 2499; x_wconf 89' lang='lat' dir='ltr'>medio</span> <span class='ocrx_word' id='word_1_175' title='bbox 1897 2447 2184 2499; x_wconf 89' lang='lat' dir='ltr'>resistente.</span> <span class='ocrx_word' id='word_1_176' title='bbox 2261 2443 2334 2495; x_wconf 89' lang='lat' dir='ltr'>Et</span> <span class='ocrx_word' id='word_1_177' title='bbox 2371 2442 2414 2493; x_wconf 88' lang='lat' dir='ltr'>si</span> <span class='ocrx_word' id='word_1_178' title='bbox 2464 2483 2467 2485; x_wconf 17' lang='grc' dir='ltr'><strong>Α</strong></span> 
     </span>
     <span class='ocr_line' id='line_1_17' title="bbox 258 2533 2415 2593; baseline -0.004 -2"><span class='ocrx_word' id='word_1_179' title='bbox 258 2551 438 2593; x_wconf 88' lang='lat' dir='ltr'>centro</span> <span class='ocrx_word' id='word_1_180' title='bbox 467 2542 513 2593; x_wconf 90' lang='lat' dir='ltr'>C</span> <span class='ocrx_word' id='word_1_181' title='bbox 539 2550 591 2593; x_wconf 90' lang='lat' dir='ltr'>et</span> <span class='ocrx_word' id='word_1_182' title='bbox 626 2540 901 2593; x_wconf 86' lang='lat' dir='ltr'>intervallo</span> <span class='ocrx_word' id='word_1_183' title='bbox 942 2540 987 2591; x_wconf 89' lang='lat' dir='ltr'>C</span> <span class='ocrx_word' id='word_1_184' title='bbox 1016 2540 1061 2591; x_wconf 88' lang='lat' dir='ltr'><strong>F</strong></span> <span class='ocrx_word' id='word_1_185' title='bbox 1099 2540 1423 2591; x_wconf 88' lang='lat' dir='ltr'>describatur</span> <span class='ocrx_word' id='word_1_186' title='bbox 1461 2538 1685 2591; x_wconf 89' lang='lat' dir='ltr'>circulus</span> <span class='ocrx_word' id='word_1_187' title='bbox 1727 2539 1771 2591; x_wconf 91' lang='lat' dir='ltr'><strong>F</strong></span> <span class='ocrx_word' id='word_1_188' title='bbox 1796 2538 1825 2590; x_wconf 86' lang='lat' dir='ltr'><strong>f</strong></span> <span class='ocrx_word' id='word_1_189' title='bbox 1843 2538 1908 2590; x_wconf 93' lang='lat' dir='ltr'>M</span> <span class='ocrx_word' id='word_1_190' title='bbox 1946 2554 2224 2590; x_wconf 88' lang='lat' dir='ltr'>occurrens</span> <span class='ocrx_word' id='word_1_191' title='bbox 2264 2533 2415 2585; x_wconf 89' lang='lat' dir='ltr'>rectis</span> 
     </span>
     <span class='ocr_line' id='line_1_18' title="bbox 259 2624 2416 2701; baseline -0.003 -21"><span class='ocrx_word' id='word_1_192' title='bbox 259 2629 295 2680; x_wconf 91' lang='lat' dir='ltr'>d</span> <span class='ocrx_word' id='word_1_193' title='bbox 321 2649 349 2681; x_wconf 93' lang='lat' dir='ltr'>e</span> <span class='ocrx_word' id='word_1_194' title='bbox 376 2642 426 2681; x_wconf 90' lang='lat' dir='ltr'>et</span> <span class='ocrx_word' id='word_1_195' title='bbox 454 2630 504 2681; x_wconf 91' lang='lat' dir='ltr'>A</span> <span class='ocrx_word' id='word_1_196' title='bbox 533 2630 580 2682; x_wconf 90' lang='lat' dir='ltr'>B</span> <span class='ocrx_word' id='word_1_197' title='bbox 605 2630 659 2680; x_wconf 91' lang='lat' dir='ltr'>in</span> <span class='ocrx_word' id='word_1_198' title='bbox 684 2628 713 2679; x_wconf 90' lang='lat' dir='ltr'>f</span> <span class='ocrx_word' id='word_1_199' title='bbox 729 2638 781 2681; x_wconf 92' lang='lat' dir='ltr'>et</span> <span class='ocrx_word' id='word_1_200' title='bbox 809 2629 891 2701; x_wconf 89' lang='lat' dir='ltr'>M,</span> <span class='ocrx_word' id='word_1_201' title='bbox 937 2628 991 2698; x_wconf 61' lang='grc' dir='ltr'>(ἱ)</span> <span class='ocrx_word' id='word_1_202' title='bbox 1020 2629 1120 2680; x_wconf 85' lang='lat' dir='ltr'>erit</span> <span class='ocrx_word' id='word_1_203' title='bbox 1159 2627 1224 2679; x_wconf 92' lang='lat' dir='ltr'>M</span> <span class='ocrx_word' id='word_1_204' title='bbox 1260 2628 1405 2680; x_wconf 92' lang='lat' dir='ltr'>locus</span> <span class='ocrx_word' id='word_1_205' title='bbox 1443 2628 1511 2680; x_wconf 89' lang='lat' dir='ltr'>ad</span> <span class='ocrx_word' id='word_1_206' title='bbox 1548 2647 1704 2699; x_wconf 91' lang='lat' dir='ltr'>quem</span> <span class='ocrx_word' id='word_1_207' title='bbox 1741 2628 1987 2697; x_wconf 87' lang='lat' dir='ltr'>deinceps</span> <span class='ocrx_word' id='word_1_208' title='bbox 2024 2628 2134 2680; x_wconf 91' lang='lat' dir='ltr'>sine</span> <span class='ocrx_word' id='word_1_209' title='bbox 2171 2624 2416 2677; x_wconf 88' lang='lat' dir='ltr'>ulteriore</span> 
     </span>
     <span class='ocr_line' id='line_1_19' title="bbox 260 2714 2417 2788; baseline -0.002 -19"><span class='ocrx_word' id='word_1_210' title='bbox 260 2718 548 2771; x_wconf 68' lang='lat' dir='ltr'>resistentia</span> <span class='ocrx_word' id='word_1_211' title='bbox 576 2718 890 2781; x_wconf 86' lang='lat' dir='ltr'>ascenderet,</span> <span class='ocrx_word' id='word_1_212' title='bbox 920 2726 970 2769; x_wconf 91' lang='lat' dir='ltr'>et</span> <span class='ocrx_word' id='word_1_213' title='bbox 996 2717 1032 2768; x_wconf 90' lang='lat' dir='ltr'>d</span> <span class='ocrx_word' id='word_1_214' title='bbox 1056 2717 1084 2768; x_wconf 89' lang='lat' dir='ltr'>f</span> <span class='ocrx_word' id='word_1_215' title='bbox 1099 2717 1345 2769; x_wconf 88' lang='lat' dir='ltr'>velocitas</span> <span class='ocrx_word' id='word_1_216' title='bbox 1371 2736 1526 2788; x_wconf 90' lang='lat' dir='ltr'>quam</span> <span class='ocrx_word' id='word_1_217' title='bbox 1553 2718 1843 2787; x_wconf 90' lang='lat' dir='ltr'>acquireret</span> <span class='ocrx_word' id='word_1_218' title='bbox 1866 2717 1922 2768; x_wconf 92' lang='lat' dir='ltr'>in</span> <span class='ocrx_word' id='word_1_219' title='bbox 1954 2717 2006 2768; x_wconf 89' lang='lat' dir='ltr'>d.</span> <span class='ocrx_word' id='word_1_220' title='bbox 2076 2715 2235 2783; x_wconf 88' lang='lat' dir='ltr'>Unde</span> <span class='ocrx_word' id='word_1_221' title='bbox 2260 2714 2417 2765; x_wconf 90' lang='lat' dir='ltr'>etiam</span> 
     </span>
     <span class='ocr_line' id='line_1_20' title="bbox 262 2804 2417 2880; baseline -0.003 -20"><span class='ocrx_word' id='word_1_222' title='bbox 262 2810 305 2860; x_wconf 90' lang='lat' dir='ltr'>si</span> <span class='ocrx_word' id='word_1_223' title='bbox 333 2810 377 2860; x_wconf 93' lang='lat' dir='ltr'><strong>F</strong></span> <span class='ocrx_word' id='word_1_224' title='bbox 400 2829 437 2880; x_wconf 89' lang='lat' dir='ltr'>g</span> <span class='ocrx_word' id='word_1_225' title='bbox 456 2810 693 2880; x_wconf 90' lang='lat' dir='ltr'>designet</span> <span class='ocrx_word' id='word_1_226' title='bbox 712 2809 1344 2862; x_wconf 66' lang='lat' dir='ltr'>velocitatis‘momentum</span> <span class='ocrx_word' id='word_1_227' title='bbox 1369 2808 1511 2879; x_wconf 91' lang='lat' dir='ltr'>quod</span> <span class='ocrx_word' id='word_1_228' title='bbox 1536 2827 1724 2877; x_wconf 90' lang='lat' dir='ltr'>corpus</span> <span class='ocrx_word' id='word_1_229' title='bbox 1751 2809 1806 2861; x_wconf 97' lang='lat' dir='ltr'>D</span> <span class='ocrx_word' id='word_1_230' title='bbox 1832 2807 2174 2860; x_wconf 89' lang='lat' dir='ltr'>describendo</span> <span class='ocrx_word' id='word_1_231' title='bbox 2194 2804 2417 2875; x_wconf 90' lang='lat' dir='ltr'>spatium</span> 
     </span>
     <span class='ocr_line' id='line_1_21' title="bbox 263 2898 2419 2968; baseline -0.002 -18"><span class='ocrx_word' id='word_1_232' title='bbox 263 2918 417 2968; x_wconf 89' lang='lat' dir='ltr'>quam</span> <span class='ocrx_word' id='word_1_233' title='bbox 443 2900 717 2951; x_wconf 91' lang='lat' dir='ltr'>minimum</span> <span class='ocrx_word' id='word_1_234' title='bbox 743 2900 799 2952; x_wconf 95' lang='lat' dir='ltr'>D</span> <span class='ocrx_word' id='word_1_235' title='bbox 826 2900 878 2962; x_wconf 87' lang='lat' dir='ltr'>d,</span> <span class='ocrx_word' id='word_1_236' title='bbox 907 2918 974 2951; x_wconf 84' lang='lat' dir='ltr'>ex</span> <span class='ocrx_word' id='word_1_237' title='bbox 998 2899 1290 2951; x_wconf 70' lang='lat' dir='ltr'>resistentia</span> <span class='ocrx_word' id='word_1_238' title='bbox 1316 2900 1476 2951; x_wconf 90' lang='lat' dir='ltr'>medii</span> <span class='ocrx_word' id='word_1_239' title='bbox 1502 2900 1717 2962; x_wconf 88' lang='lat' dir='ltr'>amittit3</span> <span class='ocrx_word' id='word_1_240' title='bbox 1758 2909 1809 2952; x_wconf 89' lang='lat' dir='ltr'>et</span> <span class='ocrx_word' id='word_1_241' title='bbox 1835 2908 2068 2951; x_wconf 83' lang='lat' dir='ltr'>sumatur</span> <span class='ocrx_word' id='word_1_242' title='bbox 2096 2898 2141 2950; x_wconf 93' lang='lat' dir='ltr'>C</span> <span class='ocrx_word' id='word_1_243' title='bbox 2168 2898 2222 2949; x_wconf 94' lang='lat' dir='ltr'>N</span> <span class='ocrx_word' id='word_1_244' title='bbox 2247 2914 2419 2966; x_wconf 83' lang='lat' dir='ltr'>aequa-</span> 
     </span>
     <span class='ocr_line' id='line_1_22' title="bbox 262 2986 2418 3061; baseline -0 -22"><span class='ocrx_word' id='word_1_245' title='bbox 262 2989 325 3041; x_wconf 86' lang='lat' dir='ltr'>lis</span> <span class='ocrx_word' id='word_1_246' title='bbox 355 2991 399 3042; x_wconf 91' lang='lat' dir='ltr'>C</span> <span class='ocrx_word' id='word_1_247' title='bbox 425 3010 488 3061; x_wconf 88' lang='lat' dir='ltr'>g:</span> <span class='ocrx_word' id='word_1_248' title='bbox 532 2991 630 3042; x_wconf 93' lang='lat' dir='ltr'>erit</span> <span class='ocrx_word' id='word_1_249' title='bbox 657 2992 709 3042; x_wconf 93' lang='lat' dir='ltr'>N</span> <span class='ocrx_word' id='word_1_250' title='bbox 735 2990 878 3042; x_wconf 90' lang='lat' dir='ltr'>locus</span> <span class='ocrx_word' id='word_1_251' title='bbox 906 2991 973 3042; x_wconf 90' lang='lat' dir='ltr'>ad</span> <span class='ocrx_word' id='word_1_252' title='bbox 999 3009 1153 3061; x_wconf 91' lang='lat' dir='ltr'>quem</span> <span class='ocrx_word' id='word_1_253' title='bbox 1191 3008 1378 3060; x_wconf 83' lang='lat' dir='ltr'>corpus</span> <span class='ocrx_word' id='word_1_254' title='bbox 1417 2991 1661 3059; x_wconf 90' lang='lat' dir='ltr'>deinceps</span> <span class='ocrx_word' id='word_1_255' title='bbox 1701 2991 1811 3042; x_wconf 88' lang='lat' dir='ltr'>sine</span> <span class='ocrx_word' id='word_1_256' title='bbox 1847 2990 2093 3042; x_wconf 89' lang='lat' dir='ltr'>ulteriore</span> <span class='ocrx_word' id='word_1_257' title='bbox 2130 2986 2418 3040; x_wconf 71' lang='lat' dir='ltr'>resistentia</span> 
     </span>
     <span class='ocr_line' id='line_1_23' title="bbox 265 3077 2419 3145; baseline -0.001 -14"><span class='ocrx_word' id='word_1_258' title='bbox 265 3081 578 3145; x_wconf 86' lang='lat' dir='ltr'>ascenderet,</span> <span class='ocrx_word' id='word_1_259' title='bbox 608 3091 660 3133; x_wconf 90' lang='lat' dir='ltr'>et</span> <span class='ocrx_word' id='word_1_260' title='bbox 687 3082 752 3133; x_wconf 92' lang='lat' dir='ltr'>M</span> <span class='ocrx_word' id='word_1_261' title='bbox 779 3083 834 3134; x_wconf 93' lang='lat' dir='ltr'>N</span> <span class='ocrx_word' id='word_1_262' title='bbox 859 3083 958 3134; x_wconf 91' lang='lat' dir='ltr'>erit</span> <span class='ocrx_word' id='word_1_263' title='bbox 983 3082 1374 3134; x_wconf 90' lang='lat' dir='ltr'>decrementum</span> <span class='ocrx_word' id='word_1_264' title='bbox 1412 3081 1653 3135; x_wconf 70' lang='lat' dir='ltr'>ascensus</span> <span class='ocrx_word' id='word_1_265' title='bbox 1680 3100 1747 3133; x_wconf 86' lang='lat' dir='ltr'>ex</span> <span class='ocrx_word' id='word_1_266' title='bbox 1771 3081 2056 3133; x_wconf 88' lang='lat' dir='ltr'>velocitatis</span> <span class='ocrx_word' id='word_1_267' title='bbox 2093 3080 2229 3131; x_wconf 92' lang='lat' dir='ltr'>illius</span> <span class='ocrx_word' id='word_1_268' title='bbox 2267 3077 2419 3130; x_wconf 86' lang='lat' dir='ltr'>amis-</span> 
     </span>
     <span class='ocr_line' id='line_1_24' title="bbox 268 3155 2419 3243; baseline -0.002 -20"><span class='ocrx_word' id='word_1_269' title='bbox 268 3172 411 3223; x_wconf 89' lang='lat' dir='ltr'>sione</span> <span class='ocrx_word' id='word_1_270' title='bbox 438 3172 732 3224; x_wconf 89' lang='lat' dir='ltr'>oriundum.</span> <span class='ocrx_word' id='word_1_271' title='bbox 810 3173 899 3224; x_wconf 89' lang='lat' dir='ltr'>Ad</span> <span class='ocrx_word' id='word_1_272' title='bbox 937 3173 971 3225; x_wconf 92' lang='lat' dir='ltr'>d</span> <span class='ocrx_word' id='word_1_273' title='bbox 998 3172 1026 3223; x_wconf 90' lang='lat' dir='ltr'><strong>f</strong></span> <span class='ocrx_word' id='word_1_274' title='bbox 1061 3173 1362 3225; x_wconf 87' lang='lat' dir='ltr'>demittatur</span> <span class='ocrx_word' id='word_1_275' title='bbox 1398 3155 1829 3243; x_wconf 87' lang='lat' dir='ltr'>perpendiculum</span> <span class='ocrx_word' id='word_1_276' title='bbox 1869 3172 1913 3224; x_wconf 88' lang='lat' dir='ltr'><strong>F</strong></span> <span class='ocrx_word' id='word_1_277' title='bbox 1937 3190 2008 3234; x_wconf 90' lang='lat' dir='ltr'>m,</span> <span class='ocrx_word' id='word_1_278' title='bbox 2048 3181 2100 3223; x_wconf 91' lang='lat' dir='ltr'>et</span> <span class='ocrx_word' id='word_1_279' title='bbox 2135 3169 2419 3222; x_wconf 85' lang='lat' dir='ltr'>velocitatis</span> 
     </span>
     <span class='ocr_line' id='line_1_25' title="bbox 267 3258 2420 3334; baseline -0.001 -22"><span class='ocrx_word' id='word_1_280' title='bbox 267 3260 323 3312; x_wconf 94' lang='lat' dir='ltr'>D</span> <span class='ocrx_word' id='word_1_281' title='bbox 352 3260 396 3310; x_wconf 90' lang='lat' dir='ltr'><strong>F</strong></span> <span class='ocrx_word' id='word_1_282' title='bbox 440 3260 828 3313; x_wconf 86' lang='lat' dir='ltr'>decrementum</span> <span class='ocrx_word' id='word_1_283' title='bbox 872 3262 916 3313; x_wconf 91' lang='lat' dir='ltr'><strong>F</strong></span> <span class='ocrx_word' id='word_1_284' title='bbox 940 3282 978 3333; x_wconf 87' lang='lat' dir='ltr'>g</span> <span class='ocrx_word' id='word_1_285' title='bbox 1016 3281 1047 3313; x_wconf 90' lang='lat' dir='ltr'>a</span> <span class='ocrx_word' id='word_1_286' title='bbox 1083 3262 1371 3315; x_wconf 69' lang='lat' dir='ltr'>resistentia</span> <span class='ocrx_word' id='word_1_287' title='bbox 1410 3263 1467 3315; x_wconf 94' lang='lat' dir='ltr'>D</span> <span class='ocrx_word' id='word_1_288' title='bbox 1497 3263 1550 3315; x_wconf 93' lang='lat' dir='ltr'><strong>K</strong></span> <span class='ocrx_word' id='word_1_289' title='bbox 1589 3263 1840 3334; x_wconf 88' lang='lat' dir='ltr'>genitum,</span> <span class='ocrx_word' id='word_1_290' title='bbox 1887 3261 1985 3313; x_wconf 92' lang='lat' dir='ltr'>erit</span> <span class='ocrx_word' id='word_1_291' title='bbox 2027 3259 2095 3312; x_wconf 88' lang='lat' dir='ltr'>ad</span> <span class='ocrx_word' id='word_1_292' title='bbox 2137 3258 2420 3312; x_wconf 87' lang='lat' dir='ltr'>velocitatis</span> 
     </span>
     <span class='ocr_line' id='line_1_26' title="bbox 268 3345 2423 3423; baseline -0.002 -21"><span class='ocrx_word' id='word_1_293' title='bbox 268 3348 500 3420; x_wconf 88' lang='lat' dir='ltr'>ejusdem</span> <span class='ocrx_word' id='word_1_294' title='bbox 525 3350 906 3403; x_wconf 90' lang='lat' dir='ltr'>incrementum</span> <span class='ocrx_word' id='word_1_295' title='bbox 932 3350 1029 3402; x_wconf 85' lang='lat' dir='ltr'>sm</span> <span class='ocrx_word' id='word_1_296' title='bbox 1055 3371 1086 3403; x_wconf 90' lang='lat' dir='ltr'>a</span> <span class='ocrx_word' id='word_1_297' title='bbox 1109 3351 1161 3403; x_wconf 88' lang='lat' dir='ltr'>vi</span> <span class='ocrx_word' id='word_1_298' title='bbox 1190 3352 1235 3404; x_wconf 91' lang='lat' dir='ltr'>C</span> <span class='ocrx_word' id='word_1_299' title='bbox 1262 3351 1318 3404; x_wconf 95' lang='lat' dir='ltr'>D</span> <span class='ocrx_word' id='word_1_300' title='bbox 1344 3353 1594 3423; x_wconf 87' lang='lat' dir='ltr'>genitum,</span> <span class='ocrx_word' id='word_1_301' title='bbox 1624 3362 1682 3403; x_wconf 92' lang='lat' dir='ltr'>ut</span> <span class='ocrx_word' id='word_1_302' title='bbox 1705 3351 1782 3403; x_wconf 86' lang='lat' dir='ltr'>vis</span> <span class='ocrx_word' id='word_1_303' title='bbox 1807 3368 2060 3421; x_wconf 87' lang='lat' dir='ltr'>generans</span> <span class='ocrx_word' id='word_1_304' title='bbox 2097 3349 2154 3402; x_wconf 94' lang='lat' dir='ltr'>D</span> <span class='ocrx_word' id='word_1_305' title='bbox 2184 3348 2238 3401; x_wconf 88' lang='lat' dir='ltr'><strong>K</strong></span> <span class='ocrx_word' id='word_1_306' title='bbox 2264 3347 2326 3418; x_wconf 65' lang='lat'><strong>(¹³)</strong></span> <span class='ocrx_word' id='word_1_307' title='bbox 2354 3345 2423 3399; x_wconf 90' lang='lat' dir='ltr'>ad</span> 
     </span>
    </p>
   </div>
   <div class='ocr_carea' id='block_1_6' title="bbox 271 3503 2424 3665">
    <p class='ocr_par' dir='ltr' id='par_1_6' title="bbox 271 3503 2424 3665">
     <span class='ocr_line' id='line_1_27' title="bbox 272 3503 2424 3562; baseline -0.004 -12"><span class='ocrx_word' id='word_1_308' title='bbox 272 3511 412 3550; x_wconf 86' lang='lat' dir='ltr'>fimum</span> <span class='ocrx_word' id='word_1_309' title='bbox 430 3524 564 3550; x_wconf 84' lang='lat' dir='ltr'>arcum</span> <span class='ocrx_word' id='word_1_310' title='bbox 586 3525 701 3562; x_wconf 89' lang='lat' dir='ltr'>quem</span> <span class='ocrx_word' id='word_1_311' title='bbox 722 3526 862 3561; x_wconf 84' lang='lat' dir='ltr'>corpus</span> <span class='ocrx_word' id='word_1_312' title='bbox 882 3513 923 3551; x_wconf 86' lang='lat' dir='ltr'>in</span> <span class='ocrx_word' id='word_1_313' title='bbox 951 3512 1081 3551; x_wconf 88' lang='lat' dir='ltr'>medio</span> <span class='ocrx_word' id='word_1_314' title='bbox 1109 3525 1187 3551; x_wconf 86' lang='lat' dir='ltr'>nou</span> <span class='ocrx_word' id='word_1_315' title='bbox 1216 3512 1327 3550; x_wconf 86' lang='lat' dir='ltr'>resis-</span> <span class='ocrx_word' id='word_1_316' title='bbox 1382 3512 1485 3550; x_wconf 84' lang='lat' dir='ltr'>enim</span> <span class='ocrx_word' id='word_1_317' title='bbox 1519 3511 1759 3550; x_wconf 82' lang='lat' dir='ltr'>velocitatem</span> <span class='ocrx_word' id='word_1_318' title='bbox 1787 3511 1946 3548; x_wconf 82' lang='lat' dir='ltr'>haberet</span> <span class='ocrx_word' id='word_1_319' title='bbox 1978 3520 2117 3557; x_wconf 83' lang='lat' dir='ltr'>corpus</span> <span class='ocrx_word' id='word_1_320' title='bbox 2147 3507 2189 3544; x_wconf 87' lang='lat' dir='ltr'>in</span> <span class='ocrx_word' id='word_1_321' title='bbox 2223 3507 2277 3552; x_wconf 88' lang='lat' dir='ltr'>D,</span> <span class='ocrx_word' id='word_1_322' title='bbox 2315 3519 2360 3545; x_wconf 84' lang='lat' dir='ltr'>ac</span> <span class='ocrx_word' id='word_1_323' title='bbox 2391 3503 2424 3542; x_wconf 85' lang='lat' dir='ltr'>si</span> 
     </span>
     <span class='ocr_line' id='line_1_28' title="bbox 271 3559 2424 3616; baseline -0.003 -14"><span class='ocrx_word' id='word_1_324' title='bbox 271 3572 378 3603; x_wconf 85' lang='lat' dir='ltr'>tente</span> <span class='ocrx_word' id='word_1_325' title='bbox 396 3564 609 3604; x_wconf 86' lang='lat' dir='ltr'>oscillando</span> <span class='ocrx_word' id='word_1_326' title='bbox 628 3565 809 3604; x_wconf 86' lang='lat' dir='ltr'>describit</span> <span class='ocrx_word' id='word_1_327' title='bbox 834 3566 874 3603; x_wconf 90' lang='lat' dir='ltr'>in</span> <span class='ocrx_word' id='word_1_328' title='bbox 895 3566 991 3605; x_wconf 86' lang='lat' dir='ltr'>duas</span> <span class='ocrx_word' id='word_1_329' title='bbox 1016 3574 1142 3616; x_wconf 86' lang='lat' dir='ltr'>partes</span> <span class='ocrx_word' id='word_1_330' title='bbox 1161 3565 1328 3616; x_wconf 80' lang='lat' dir='ltr'>aequales</span> <span class='ocrx_word' id='word_1_331' title='bbox 1381 3565 1530 3603; x_wconf 71' lang='lat' dir='ltr'>seclusa</span> <span class='ocrx_word' id='word_1_332' title='bbox 1566 3565 1672 3602; x_wconf 88' lang='lat' dir='ltr'>omni</span> <span class='ocrx_word' id='word_1_333' title='bbox 1708 3562 1920 3602; x_wconf 63' lang='lat' dir='ltr'>resistentia</span> <span class='ocrx_word' id='word_1_334' title='bbox 1967 3561 2211 3611; x_wconf 81' lang='lat' dir='ltr'>percurrisset</span> <span class='ocrx_word' id='word_1_335' title='bbox 2255 3559 2424 3609; x_wconf 88' lang='lat' dir='ltr'>spatium</span> 
     </span>
     <span class='ocr_line' id='line_1_29' title="bbox 272 3610 2422 3665; baseline -0.003 -9"><span class='ocrx_word' id='word_1_336' title='bbox 272 3617 426 3657; x_wconf 80' lang='lat' dir='ltr'>dividit.</span> <span class='ocrx_word' id='word_1_337' title='bbox 1386 3619 1418 3657; x_wconf 93' lang='lat' dir='ltr'>C</span> <span class='ocrx_word' id='word_1_338' title='bbox 1443 3619 1475 3656; x_wconf 92' lang='lat' dir='ltr'><strong>F</strong></span> <span class='ocrx_word' id='word_1_339' title='bbox 1493 3639 1546 3649; x_wconf 87' lang='lat'>-·</span> <span class='ocrx_word' id='word_1_340' title='bbox 1571 3618 1603 3656; x_wconf 91' lang='lat' dir='ltr'>C</span> <span class='ocrx_word' id='word_1_341' title='bbox 1626 3618 1677 3661; x_wconf 88' lang='lat' dir='ltr'>D,</span> <span class='ocrx_word' id='word_1_342' title='bbox 1713 3625 1752 3654; x_wconf 86' lang='lat' dir='ltr'>et</span> <span class='ocrx_word' id='word_1_343' title='bbox 1778 3614 1866 3654; x_wconf 68' lang='lat' dir='ltr'>ide&amp;</span> <span class='ocrx_word' id='word_1_344' title='bbox 1895 3618 1981 3665; x_wconf 84' lang='lat' dir='ltr'>(per</span> <span class='ocrx_word' id='word_1_345' title='bbox 2007 3613 2123 3651; x_wconf 89' lang='lat' dir='ltr'>modo</span> <span class='ocrx_word' id='word_1_346' title='bbox 2145 3610 2422 3659; x_wconf 77' lang='lat' dir='ltr'>demonstrata)</span> 
     </span>
    </p>
   </div>
   <div class='ocr_carea' id='block_1_7' title="bbox 274 3663 2426 3829">
    <p class='ocr_par' dir='ltr' id='par_1_7' title="bbox 274 3663 2426 3829">
     <span class='ocr_line' id='line_1_30' title="bbox 328 3663 2423 3725; baseline -0.005 -11"><span class='ocrx_word' id='word_1_347' title='bbox 328 3672 386 3725; x_wconf 77' lang='lat'>(⁸)</span> <span class='ocrx_word' id='word_1_348' title='bbox 410 3674 431 3696; x_wconf 75' lang='lat'>’¹‘</span> <span class='ocrx_word' id='word_1_349' title='bbox 457 3673 511 3714; x_wconf 78' lang='lat' dir='ltr'>Et</span> <span class='ocrx_word' id='word_1_350' title='bbox 538 3673 609 3711; x_wconf 80' lang='lat' dir='ltr'>erit</span> <span class='ocrx_word' id='word_1_351' title='bbox 632 3673 666 3711; x_wconf 84' lang='lat' dir='ltr'><em>C</em></span> <span class='ocrx_word' id='word_1_352' title='bbox 679 3673 722 3709; x_wconf 90' lang='lat' dir='ltr'>D</span> <span class='ocrx_word' id='word_1_353' title='bbox 749 3680 795 3710; x_wconf 81' lang='lat' dir='ltr'>ut</span> <span class='ocrx_word' id='word_1_354' title='bbox 821 3675 875 3711; x_wconf 80' lang='lat' dir='ltr'>vis</span> <span class='ocrx_word' id='word_1_355' title='bbox 892 3687 915 3710; x_wconf 89' lang='grc' dir='ltr'><em>α</em></span> <span class='ocrx_word' id='word_1_356' title='bbox 930 3675 1119 3722; x_wconf 79' lang='lat' dir='ltr'>gravitate</span> <span class='ocrx_word' id='word_1_357' title='bbox 1144 3674 1323 3718; x_wconf 79' lang='lat' dir='ltr'>oriunda,</span> <span class='ocrx_word' id='word_1_358' title='bbox 1379 3672 1421 3709; x_wconf 92' lang='lat' dir='ltr'>in</span> <span class='ocrx_word' id='word_1_359' title='bbox 1439 3669 1526 3709; x_wconf 90' lang='lat' dir='ltr'>loco</span> <span class='ocrx_word' id='word_1_360' title='bbox 1544 3670 1571 3709; x_wconf 84' lang='lat' dir='ltr'>d</span> <span class='ocrx_word' id='word_1_361' title='bbox 1588 3672 1744 3709; x_wconf 83' lang='lat' dir='ltr'>haberet</span> <span class='ocrx_word' id='word_1_362' title='bbox 1762 3669 2001 3708; x_wconf 82' lang='lat' dir='ltr'>velocitatem</span> <span class='ocrx_word' id='word_1_363' title='bbox 2020 3666 2047 3705; x_wconf 91' lang='lat' dir='ltr'>d</span> <span class='ocrx_word' id='word_1_364' title='bbox 2064 3666 2093 3713; x_wconf 83' lang='lat' dir='ltr'>f,</span> <span class='ocrx_word' id='word_1_365' title='bbox 2122 3673 2161 3705; x_wconf 87' lang='lat' dir='ltr'>et</span> <span class='ocrx_word' id='word_1_366' title='bbox 2186 3667 2229 3704; x_wconf 89' lang='lat' dir='ltr'>in</span> <span class='ocrx_word' id='word_1_367' title='bbox 2255 3666 2342 3705; x_wconf 92' lang='lat' dir='ltr'>loco</span> <span class='ocrx_word' id='word_1_368' title='bbox 2373 3663 2423 3703; x_wconf 90' lang='lat' dir='ltr'>M</span> 
     </span>
     <span class='ocr_line' id='line_1_31' title="bbox 274 3724 1545 3774; baseline 0 -12"><span class='ocrx_word' id='word_1_369' title='bbox 274 3724 344 3762; x_wconf 78' lang='grc' dir='ltr'><strong>διο.</strong></span> <span class='ocrx_word' id='word_1_370' title='bbox 376 3732 482 3773; x_wconf 81' lang='lat' dir='ltr'>patet</span> <span class='ocrx_word' id='word_1_371' title='bbox 500 3738 568 3774; x_wconf 87' lang='lat' dir='ltr'>per</span> <span class='ocrx_word' id='word_1_372' title='bbox 587 3724 796 3763; x_wconf 87' lang='lat' dir='ltr'>demonstr.</span> <span class='ocrx_word' id='word_1_373' title='bbox 825 3725 940 3773; x_wconf 91' lang='lat' dir='ltr'>Prop.</span> <span class='ocrx_word' id='word_1_374' title='bbox 966 3726 1040 3763; x_wconf 81' lang='lat' dir='ltr'>Ll.</span> <span class='ocrx_word' id='word_1_375' title='bbox 1065 3726 1154 3764; x_wconf 86' lang='lat' dir='ltr'>Lib.</span> <span class='ocrx_word' id='word_1_376' title='bbox 1181 3726 1215 3764; x_wconf 93' lang='lat'>1.</span> <span class='ocrx_word' id='word_1_377' title='bbox 1381 3725 1545 3763; x_wconf 86' lang='lat' dir='ltr'>nullam.</span> 
     </span>
     <span class='ocr_line' id='line_1_32' title="bbox 330 3769 2426 3829; baseline -0.006 -11"><span class='ocrx_word' id='word_1_378' title='bbox 330 3777 435 3829; x_wconf 78' lang='lat'>(¹²)—’¹‘</span> <span class='ocrx_word' id='word_1_379' title='bbox 463 3781 591 3822; x_wconf 83' lang='lat' dir='ltr'>Quam</span> <span class='ocrx_word' id='word_1_380' title='bbox 622 3780 729 3816; x_wconf 80' lang='lat' dir='ltr'>habet</span> <span class='ocrx_word' id='word_1_381' title='bbox 760 3779 816 3816; x_wconf 69' lang='grc' dir='ltr'>υἷε</span> <span class='ocrx_word' id='word_1_382' title='bbox 849 3780 892 3816; x_wconf 82' lang='lat' dir='ltr'>in</span> <span class='ocrx_word' id='word_1_383' title='bbox 916 3780 959 3816; x_wconf 93' lang='lat' dir='ltr'>D</span> <span class='ocrx_word' id='word_1_384' title='bbox 987 3782 1038 3816; x_wconf 82' lang='lat' dir='ltr'>ad</span> <span class='ocrx_word' id='word_1_385' title='bbox 1062 3781 1136 3817; x_wconf 85' lang='lat' dir='ltr'>vim</span> <span class='ocrx_word' id='word_1_386' title='bbox 1162 3780 1327 3828; x_wconf 78' lang='lat' dir='ltr'>gravita-</span> <span class='ocrx_word' id='word_1_387' title='bbox 1438 3776 1496 3829; x_wconf 71' lang='lat'>(¹²)</span> <span class='ocrx_word' id='word_1_388' title='bbox 1520 3780 1542 3802; x_wconf 71' lang='lat'>¹*</span> <span class='ocrx_word' id='word_1_389' title='bbox 1564 3778 1630 3816; x_wconf 85' lang='lat' dir='ltr'>Ad</span> <span class='ocrx_word' id='word_1_390' title='bbox 1656 3779 1734 3815; x_wconf 85' lang='lat' dir='ltr'>vim</span> <span class='ocrx_word' id='word_1_391' title='bbox 1761 3782 2009 3826; x_wconf 78' lang='lat' dir='ltr'>generantem</span> <span class='ocrx_word' id='word_1_392' title='bbox 2039 3775 2140 3813; x_wconf 85' lang='lat' dir='ltr'>CD.</span> <span class='ocrx_word' id='word_1_393' title='bbox 2204 3773 2304 3811; x_wconf 85' lang='lat' dir='ltr'>Sunt</span> <span class='ocrx_word' id='word_1_394' title='bbox 2320 3769 2426 3808; x_wconf 88' lang='lat' dir='ltr'>enim</span> 
     </span>
    </p>
   </div>
   <div class='ocr_carea' id='block_1_8' title="bbox 276 3823 2426 3935">
    <p class='ocr_par' dir='ltr' id='par_1_8' title="bbox 276 3823 2426 3935">
     <span class='ocr_line' id='line_1_33' title="bbox 276 3823 2426 3880; baseline -0.003 -11"><span class='ocrx_word' id='word_1_395' title='bbox 276 3831 336 3877; x_wconf 75' lang='lat' dir='ltr'>tis,</span> <span class='ocrx_word' id='word_1_396' title='bbox 356 3843 425 3879; x_wconf 87' lang='lat' dir='ltr'>per</span> <span class='ocrx_word' id='word_1_397' title='bbox 447 3832 538 3871; x_wconf 83' lang='lat' dir='ltr'>Cor.</span> <span class='ocrx_word' id='word_1_398' title='bbox 565 3836 600 3870; x_wconf 90' lang='lat'>1.</span> <span class='ocrx_word' id='word_1_399' title='bbox 626 3832 740 3880; x_wconf 84' lang='lat' dir='ltr'>Prop.</span> <span class='ocrx_word' id='word_1_400' title='bbox 767 3831 842 3869; x_wconf 93' lang='lat' dir='ltr'>LI.</span> <span class='ocrx_word' id='word_1_401' title='bbox 867 3837 905 3867; x_wconf 88' lang='lat' dir='ltr'>et</span> <span class='ocrx_word' id='word_1_402' title='bbox 923 3838 1002 3868; x_wconf 82' lang='lat' dir='ltr'>not.</span> <span class='ocrx_word' id='word_1_403' title='bbox 1023 3836 1112 3869; x_wconf 78' lang='lat'>462.</span> <span class='ocrx_word' id='word_1_404' title='bbox 1149 3832 1236 3869; x_wconf 88' lang='lat' dir='ltr'>Lib.</span> <span class='ocrx_word' id='word_1_405' title='bbox 1264 3831 1298 3868; x_wconf 92' lang='lat' dir='ltr'>I.</span> <span class='ocrx_word' id='word_1_406' title='bbox 1381 3830 1628 3869; x_wconf 80' lang='lat' dir='ltr'>velocitatum</span> <span class='ocrx_word' id='word_1_407' title='bbox 1660 3830 1850 3868; x_wconf 80' lang='lat' dir='ltr'>elementa</span> <span class='ocrx_word' id='word_1_408' title='bbox 1884 3827 1976 3865; x_wconf 87' lang='lat' dir='ltr'>dato</span> <span class='ocrx_word' id='word_1_409' title='bbox 2011 3825 2193 3876; x_wconf 83' lang='lat' dir='ltr'>temporis</span> <span class='ocrx_word' id='word_1_410' title='bbox 2227 3823 2426 3863; x_wconf 81' lang='lat' dir='ltr'>momento</span> 
     </span>
     <span class='ocr_line' id='line_1_34' title="bbox 333 3878 2263 3935; baseline -0.005 -10"><span class='ocrx_word' id='word_1_411' title='bbox 333 3882 384 3933; x_wconf 79' lang='lat'>(¹)</span> <span class='ocrx_word' id='word_1_412' title='bbox 406 3886 427 3909; x_wconf 71' lang='lat'>¹*</span> <span class='ocrx_word' id='word_1_413' title='bbox 451 3887 545 3925; x_wconf 81' lang='lat' dir='ltr'>Erit</span> <span class='ocrx_word' id='word_1_414' title='bbox 571 3887 625 3925; x_wconf 89' lang='lat' dir='ltr'>M</span> <span class='ocrx_word' id='word_1_415' title='bbox 647 3887 752 3924; x_wconf 79' lang='lat' dir='ltr'>locus</span> <span class='ocrx_word' id='word_1_416' title='bbox 770 3887 822 3922; x_wconf 86' lang='lat' dir='ltr'>ad</span> <span class='ocrx_word' id='word_1_417' title='bbox 849 3897 975 3935; x_wconf 85' lang='lat' dir='ltr'>quem,</span> <span class='ocrx_word' id='word_1_418' title='bbox 1008 3883 1078 3921; x_wconf 76' lang='grc' dir='ltr'>διε.</span> <span class='ocrx_word' id='word_1_419' title='bbox 1134 3883 1329 3922; x_wconf 82' lang='lat' dir='ltr'>Eamdem</span> <span class='ocrx_word' id='word_1_420' title='bbox 1382 3883 1524 3935; x_wconf 82' lang='lat' dir='ltr'>genita,</span> <span class='ocrx_word' id='word_1_421' title='bbox 1544 3891 1591 3923; x_wconf 89' lang='lat' dir='ltr'>ut</span> <span class='ocrx_word' id='word_1_422' title='bbox 1608 3883 1705 3921; x_wconf 84' lang='lat' dir='ltr'>vires</span> <span class='ocrx_word' id='word_1_423' title='bbox 1722 3888 1948 3932; x_wconf 83' lang='lat' dir='ltr'>generantes</span> <span class='ocrx_word' id='word_1_424' title='bbox 1969 3883 2053 3933; x_wconf 82' lang='lat'>(13.</span> <span class='ocrx_word' id='word_1_425' title='bbox 2075 3880 2164 3919; x_wconf 93' lang='lat' dir='ltr'>Lib.</span> <span class='ocrx_word' id='word_1_426' title='bbox 2190 3878 2263 3927; x_wconf 84' lang='grc'><strong>1.).</strong></span> 
     </span>
    </p>
   </div>
  </div>
 </body>
</html>
