2502 4192
261 319 326 363 30

492 450 588 504 Ff

788 299 1348 358 PHILOSOPHIAE
1386 295 1836 357 NATURALIS

1933 294 2114 360 [Mo'r.
2128 293 2376 345 Comma.

259 507 455 558 ratione
479 523 600 588 DT?
622 520 715 571 per
737 499 990 552 calculum
1014 495 1237 558 inventa,
1286 495 1349 564 (Ζ)
1388 492 1648 545 auferatur
1672 491 1804 543 ratio
1831 489 2011 542 eadem
2048 507 2142 556 per
2178 487 2379 555 experi-

261 635 490 679 mentum
514 625 735 685 invenw,
763 629 817 673 et
838 626 1126 687 exponatur
1145 614 1433 667 differentia
1455 631 1551 682 per
1573 609 1999 681 perpendiculum
2027 607 2093 680 M
2108 608 2177 659 N.
2231 606 2377 659 Idem

281 2592 361 2642 fac
386 2591 570 2643 iterum
596 2610 655 2643 ac
680 2591 846 2654 tertio,
888 2592 1197 2644 assumendo
1221 2611 1423 2661 semper
1458 2611 1646 2644 novam
1682 2589 1983 2643 resistentiae
2008 2587 2073 2639 ad
2097 2587 2397 2658 gravitatem

284 2680 529 2731 rationem
560 2681 596 2732 S
624 2679 704 2739 M,
732 2689 783 2731 et
808 2680 1097 2751 colligendo
1122 2700 1308 2732 novam
1333 2680 1672 2733 differentiam
1700 2678 1765 2731 M
1786 2679 1853 2730 N.
1927 2677 2201 2728 Ducantur
2225 2685 2397 2726 autem

284 2770 585 2821 differentiae
609 2770 923 2822 affirmativae
948 2772 1013 2822 ad
1040 2790 1194 2822 unam
1218 2782 1418 2839 partem
1443 2781 1597 2823 rectae
1625 2773 1661 2822 S
1688 2770 1768 2832 M,
1809 2779 1861 2820 et
1884 2768 2133 2838 negativae
2171 2766 2238 2817 ad
2273 2765 2397 2816 alte-

284 2879 421 2921 ram3
460 2869 511 2911 et
534 2878 627 2927 per
650 2869 842 2928 puncta
867 2859 934 2922 N,
959 2859 1028 2922 N,
1053 2860 1107 2911 N
1131 2870 1311 2931 agatur
1336 2879 1492 2911 curva
1516 2859 1763 2930 regularis
1791 2858 1844 2909 N
1863 2857 1914 2908 N
1935 2857 1988 2907 N
2013 2873 2189 2907 secans
2205 2862 2397 2904 rectam

288 2951 325 3002 S
353 2951 416 3001 M
444 2949 508 3001 M
536 2949 600 3001 M
625 2949 679 3000 in
705 2950 778 3013 X,
823 2950 885 3018 (⁸)
931 2959 983 3001 et
1018 2949 1115 3001 erit
1143 2952 1179 3002 S
1206 2951 1263 3002 X
1302 2969 1423 3002 vera
1459 2950 1589 3002 ratio
1631 2948 1931 3001 resistentiae
1970 2947 2036 2998 ad
2077 2945 2393 3017 gravitatem,

329 3114 387 3165 (Ζ)
403 3116 464 3152 65.
483 3113 698 3165 Aufiratur
705 3114 798 3151 ratio
809 3115 936 3152 eadem
946 3126 1016 3163 per
1025 3115 1317 3163 experimentum

286 3169 461 3211 inventa5
489 3174 527 3204 et
551 3166 582 3203 si
608 3165 704 3202 nihil
731 3173 787 3203 est
812 3165 966 3210 residui,
995 3173 1096 3204 recte
1122 3175 1317 3215 assumpta

286 3220 364 3257 fuit
380 3219 476 3257 ratio
494 3218 714 3256 resistentiae
732 3218 781 3255 ad
799 3218 1045 3268 gravitatem3
1066 3220 1097 3255 si
1115 3219 1208 3269 quid
1225 3220 1316 3257 resi-

288 3272 356 3310 dui
373 3272 502 3317 fuerit,
520 3279 724 3321 exponatur
740 3273 950 3324 dgfferentia
966 3286 1036 3321 per
1055 3274 1106 3310 Μ
1121 3275 1177 3311 N.
1212 3273 1316 3309 Nam

288 3325 321 3362 si
339 3332 441 3362 recte
459 3332 651 3372 assumpta
669 3323 746 3361 fuit
762 3324 859 3361 rati0
876 3324 1097 3362 resistentiae
1124 3325 1173 3362 ad
1191 3324 1315 3375 gravi-

288 3385 418 3424 tatem,
438 3390 555 3415 curva
576 3377 616 3414 D
635 3389 654 3413 r
667 3390 690 3414 a
707 3376 739 3413 F
756 3389 824 3424 per
841 3378 1160 3415 constructionem
1178 3378 1239 3415 vel
1253 3390 1320 3426 per

290 3430 614 3480 computationem
641 3429 827 3478 descripta
844 3430 979 3467 similis
1009 3437 1065 3468 est
1095 3430 1320 3482 trajectoriae

289 3496 406 3534 quam
424 3495 561 3530 corpus
578 3481 619 3518 in
636 3481 764 3519 medio
781 3483 977 3521 resistente
988 3482 1115 3521 revera
1129 3482 1317 3528 describit,

290 3544 329 3574 et
359 3536 449 3573 hinc
477 3534 770 3584 homologarum
798 3534 840 3572 in
867 3535 944 3572 illis
972 3537 1098 3573 curvis
1128 3535 1318 3573 linearum

291 3589 403 3627 debet
421 3600 500 3625 esse
517 3587 613 3625 ratio
639 3586 738 3624 data.
798 3588 1088 3626 Determinatur
1114 3588 1215 3626 enim
1243 3596 1318 3626 tra-

1371 3113 1501 3152 dinem
1528 3120 1760 3161 assumptam
1791 3112 1832 3150 D
1855 3112 1889 3149 P
1909 3111 1966 3148 vel
1989 3111 2029 3149 D
2047 3123 2086 3158 p,
2115 3121 2203 3159 quae
2219 3106 2396 3145 velocita-

1370 3175 1447 3204 tem
1466 3167 1593 3205 datam
1612 3178 1760 3213 semper
1777 3171 1900 3212 potest
1917 3164 2104 3206 exhibere,
2123 3173 2191 3210 per
2208 3160 2398 3210 angulum

1374 3220 1410 3257 P
1431 3220 1471 3257 D
1495 3220 1527 3257 C
1556 3218 1616 3256 vel
1643 3231 1669 3266 p
1692 3219 1732 3255 D
1765 3218 1809 3261 C,
1840 3224 1878 3255 et
1897 3229 1966 3265 per
1994 3215 2179 3253 rationem
2207 3214 2398 3250 linearum

1373 3273 1415 3310 D
1442 3272 1489 3318 A,
1513 3272 1552 3309 A
1575 3272 1620 3317 C,
1640 3284 1707 3308 seu
1726 3270 1911 3308 rationem
1937 3267 2155 3306 resistentiae
2169 3266 2218 3304 ad
2235 3264 2397 3316 gravita—

1371 3333 1462 3370 tem,
1481 3324 1627 3363 sirecte
1640 3331 1834 3371 assumpta
1846 3321 1943 3360 fuit:
1967 3334 2084 3372 quare
2096 3318 2309 3357 differentia
2319 3324 2399 3354 tota

1374 3378 1472 3415 inter
1490 3389 1617 3415 veram
1634 3375 1885 3427 trajectoriam
1904 3383 1942 3412 et
1955 3386 2108 3413 curvam
2120 3374 2192 3410 hoc
2205 3370 2322 3408 modo
2332 3382 2400 3417 per

1374 3429 1693 3468 constructionem
1724 3428 1949 3477 descriptam
1980 3434 2037 3465 est
2066 3426 2108 3463 in
2134 3422 2400 3474 magnitudine

1373 3483 1560 3520 linearum
1578 3481 1883 3532 homologarum‚
1898 3492 2060 3530 quarum
2079 3478 2175 3516 ratio
2192 3483 2248 3514 est
2265 3474 2399 3513 eadem

1373 3536 1414 3572 in
1432 3535 1593 3585 utraque
1607 3533 1733 3571 curva.
1770 3534 1908 3572 Curvae
1921 3533 2040 3583 igitur
2051 3531 2127 3568 illae
2138 3528 2279 3566 similes
2293 3534 2395 3564 sunt.

1428 3588 1483 3641 (ἢ)
1504 3593 1567 3627 66.
1600 3590 1655 3627 Et
1673 3589 1742 3625 erit
1769 3590 1797 3626 S
1813 3589 1862 3625 Χ
1883 3600 1968 3624 vera
1998 3586 2092 3622 ratio
2120 3582 2334 3620 resistentiae
2349 3582 2401 3618 ad

283 3642 445 3692 jectofia
470 3653 558 3677 vera
576 3652 623 3677 ex
641 3638 838 3677 velocitate
856 3648 894 3678 et
913 3642 1060 3691 angulo
1078 3641 1318 3691 projectionis
1369 3644 1601 3691 gravitatem.
1661 3640 1765 3678 Nam
1784 3639 1850 3677 ubi
1879 3639 1927 3677 M
1949 3638 1989 3676 N
2016 3649 2083 3674 seu
2101 3633 2315 3674 differentia
2339 3644 2401 3670 ra-

294 3694 431 3744 aequali
462 3694 498 3732 P
518 3693 558 3731 D
582 3693 614 3731 C
633 3692 694 3729 vel
711 3705 737 3740 p
759 3692 799 3730 D
822 3693 867 3738 C,
896 3700 1010 3743 atque
1028 3706 1073 3732 ex
1101 3694 1245 3731 ratione
1263 3705 1321 3730 re-

292 3747 473 3785 sistentiae
491 3746 540 3784 ad
557 3745 778 3796 gravitatem
797 3744 949 3791 datam3
969 3754 1006 3783 et
1024 3759 1139 3784 curva
1153 3759 1219 3794 per
1230 3758 1320 3783 con-

293 3801 541 3837 structionem
569 3797 757 3837 delineata
775 3797 1050 3836 determinatur
1067 3811 1134 3848 per
1152 3798 1321 3848 longitu-

1376 3724 1525 3763 tionum
1548 3691 1652 3796 DF—lg,
1685 3736 1773 3774 quae
1801 3735 1869 3772 per
1903 3719 2227 3770 computationem
2262 3723 2302 3756 et
2335 3729 2403 3765 per

1376 3811 1679 3860 experimentum
1705 3811 1869 3848 inventae
1887 3814 1989 3855 sunt,
2017 3806 2127 3845 nulla
2143 3812 2211 3852 est,
2230 3810 2328 3843 rat1o
2344 3815 2401 3839 re-
