2502 4192
157 235 340 288 mez
369 235 639 298 Securum]
695 232 1093 286 PRINCIPIA
1135 230 1752 284 MATHEMATICA.
2187 237 2291 287 297

154 375 388 427 cursibus
413 393 443 425 a
468 390 620 424 causa
657 383 939 443 generante
978 372 1154 443 augeri
1180 371 1325 423 solet.
1401 370 1583 423 Motus
1620 381 1792 421 autem
1834 369 1888 419 in
1934 370 2069 422 tubis
2110 370 2293 422 dilata-

154 464 348 516 tionem
385 479 632 514 sonorum
668 461 1088 529 impedientibus,
1132 459 1328 511 tardius
1367 459 1619 510 amittitur
1656 469 1707 510 et
1742 458 1924 509 fortius
1967 461 2200 523 recurrit,
2241 469 2293 512 et

151 566 426 624 propterea
451 574 482 605 a
507 564 650 605 motu
676 572 813 604 novo
839 552 1054 623 singulis
1089 550 1382 603 recursibus
1418 550 1671 619 impresso
1707 549 1872 620 magis
1910 559 2144 620 augetur.
2221 551 2292 602 Et

152 644 265 694 haec
291 653 408 695 sunt
431 643 695 711 praecipua
718 641 1065 710 phaenomena
1098 657 1361 691 sonorum.

154 804 358 844 constricto
388 806 473 844 a'e‘re
503 805 604 843 inter
634 803 784 843 labium
810 810 849 841 et
875 804 982 841 tubae
1000 813 1121 848 oram,
1152 801 1193 838 in

152 858 416 909 prodigiosum
445 858 612 907 erumpit
637 870 792 903 sonum,
821 864 860 893 et
878 854 1112 894 observabile
1138 855 1194 894 vi-

152 912 265 950 detur
297 925 342 949 ea
374 913 631 950 instrumenta
658 911 712 948 ita
731 923 754 947 a
771 908 953 958 parabola
979 908 1195 956 discrepare

152 973 197 1003 ut
229 965 310 1002 axis
342 979 421 1003 suae
451 971 624 1013 respectu
653 976 823 1001 convexa
860 962 988 1010 potius
1023 960 1073 998 sit
1103 963 1197 998 tuba

151 1017 270 1069 quam
288 1031 465 1056 concava.
526 1018 819 1055 lucrementum
847 1015 975 1065 itaque
1002 1014 1086 1052 soni
1114 1027 1194 1051 non

151 1080 232 1109 tam
249 1070 415 1120 pendere
431 1070 582 1107 videtur
596 1082 643 1107 ex
657 1082 703 1106 eo
715 1068 820 1119 quod
839 1080 956 1106 sonus
975 1067 1196 1105 secundum

151 1124 236 1162 axis
253 1127 355 1163 tubae
375 1123 626 1162 directionem
647 1121 853 1172 parallelus
867 1128 989 1169 exeat,
1008 1120 1128 1173 quam
1146 1133 1194 1159 ex

1246 813 1294 839 eo
1312 799 1396 850 ipso
1414 799 1519 851 quod
1536 799 1681 838 indicat
1700 799 1928 845 Newtonus,
1948 812 2088 849 nempe
2102 812 2148 838 ex
2160 806 2289 838 motus

1247 854 1557 903 reciprocatione,
1588 853 1642 890 ita
1658 860 1703 891 ut
1722 853 1846 890 forma
1865 855 1969 890 tubae
1990 866 2035 890 ea
2055 867 2136 891 esse
2155 853 2292 891 debeat

1247 914 1292 945 ut
1320 919 1439 944 sonus
1466 909 1513 944 ab
1541 919 1622 943 uno
1648 907 1792 954 pariete
1811 907 1859 943 ad
1878 906 2041 943 alterum
2072 906 2289 955 repellatur,

1250 961 1482 998 extrinsecus
1500 972 1638 997 sonum
1659 959 1881 1004 derivando,
1910 959 1963 996 ita
1982 967 2110 996 tamen
2130 968 2175 997 ut
2193 973 2289 996 non-

1247 1014 1318 1050 nisi
1336 1025 1403 1062 per
1417 1014 1638 1050 innumeras
1649 1012 1875 1050 reflexiones
1887 1013 1965 1050 sive
1976 1013 2289 1062 reciprocationes

1248 1067 1352 1105 foras
1373 1066 1581 1104 emittatur.
