2502 4192
128 266 313 319 ana
340 267 583 319 Snctmn.
664 262 1067 317 PRINCIPIA
1108 260 1727 326 MATHEMATICA.
2170 268 2269 314 129

124 406 278 459 simul
299 414 604 457 moveantur
618 424 632 467 3
659 414 814 475 atque
838 404 939 456 hoc
963 403 1082 456 ideo
1109 403 1229 474 quia
1254 402 1433 455 similis
1460 414 1512 454 et
1537 402 1750 472 aequalis
1777 410 1854 453 est
1874 401 2109 481 omnium
2126 420 2270 469 pres-

122 496 215 559 si0,
256 503 307 546 et
335 505 504 545 motus
531 494 697 545 omnis
724 494 964 546 exclusus
992 494 1317 563 supponitur,
1358 494 1457 543 nisi
1485 493 1572 562 qui
1599 512 1629 543 a
1653 492 1917 561 pressione
1942 489 2028 542 illa
2056 491 2267 543 oriatur.

121 585 285 655 Atqui
317 603 424 637 non
456 595 672 654 possunt
696 603 872 637 omnes
896 584 964 636 ad
989 595 1222 636 centrum
1261 585 1477 653 propius
1517 584 1780 648 accedere,
1822 584 1922 635 nisi
1947 583 2165 634 fluidum
2204 583 2267 633 ad

98 685 353 726 ‘centrum
379 673 752 736 condensetur3
790 683 970 725 contra
994 673 1324 743 hypothesin.
1402 674 1525 725 Non
1549 685 1766 742 possunt
1781 672 1988 744 longius
2016 673 2081 723 ab
2109 690 2171 724 eo
2189 690 2269 722 re-

118 765 316 828 cedere,
345 766 440 816 nisi
468 765 685 816 fluidum
710 765 776 817 ad
802 763 1266 816 circumferentiam
1292 764 1638 816 condensetur
1652 785 1665 827 3
1713 765 1867 816 etiarn
1895 774 2075 817 contra
2099 763 2269 832 hypo-

119 853 302 905 thesin.
378 855 502 905 Non
538 864 757 923 possunt
792 852 989 905 servata
1031 852 1122 904 sua
1160 872 1191 904 a
1230 862 1408 904 centro
1449 852 1689 905 distantia
1729 854 1928 905 moveri
1965 854 2020 904 in
2057 853 2266 923 plagam

117 962 494 1014 quamcunque,
541 946 662 1015 quia
698 946 812 1014 pari
854 947 1053 998 ratione
1093 946 1442 997 movebuntur
1483 946 1538 996 in
1577 947 1784 1018 plagam
1825 947 2168 1007 contrariam3
2215 947 2269 996 in

115 1036 292 1107 plagas
317 1047 492 1088 autem
518 1037 799 1095 contrarias
824 1056 930 1088 non
955 1047 1126 1106 potest
1149 1054 1270 1105 pars
1298 1036 1497 1098 eadem,
1539 1037 1723 1088 eodem
1762 1047 2012 1106 tempore,
2053 1038 2266 1089 moveri.

118 1124 262 1196 Ergo
285 1125 433 1176 fluidi
456 1143 575 1194 pars
600 1125 743 1177 nulla
767 1125 965 1178 deloco
992 1144 1085 1178 suo
1110 1125 1416 1176 movebitur.
1495 1125 1565 1187 Q.
1593 1145 1637 1178 e.
1665 1125 1714 1178 d.

190 1216 304 1267 Cas.
333 1222 384 1268 2.
427 1214 565 1266 Dico
583 1216 711 1282 jam,
741 1215 882 1285 quod
906 1215 1054 1266 fluidi
1080 1215 1232 1284 hujus
1266 1232 1389 1282 par-

116 1314 191 1356 tes
233 1321 413 1355 omnes
454 1303 723 1371 sphaericae
766 1303 1033 1373 aequaliter
1082 1312 1389 1371 premuntur

114 1391 363 1462 undique.
459 1392 538 1444 Sit
587 1392 725 1444 enim
777 1392 824 1443 E
871 1392 915 1443 F
964 1411 1083 1461 pars
1139 1391 1395 1460 sphaerica

113 1480 276 1544 fluidi,
341 1491 393 1533 et
442 1480 487 1532 si
534 1481 650 1532 haec
699 1480 929 1551 undique
979 1500 1087 1533 non
1135 1482 1390 1550 premitur

115 1571 396 1640 aequaliter,
449 1580 699 1642 augeatur
741 1572 943 1639 pressio
982 1571 1169 1634 minor,
1221 1590 1387 1641 usque

115 1659 240 1711 dum
277 1660 389 1729 ipsa
424 1661 656 1731 undique
692 1670 961 1730 prematur
998 1661 1295 1732 aequaliter3
1341 1671 1393 1715 et

114 1759 287 1818 partes
325 1750 451 1819 ejuS,
490 1767 586 1818 per
616 1750 811 1801 Casum
834 1750 1077 1818 primum,
1120 1769 1392 1819 permane-

114 1839 246 1892 bunt
269 1839 324 1890 in
348 1839 476 1891 loc1s
511 1840 629 1891 suis.
709 1839 815 1892 Sed
852 1851 971 1891 ante
1008 1851 1211 1892 auctam
1245 1859 1391 1910 pres-

117 1929 313 1981 sionem
327 1930 702 1999 permanebant
717 1931 771 1980 in
789 1931 917 1982 locis
938 1931 1057 1994 suis,
1076 1950 1170 2000 per
1193 1931 1385 1983 Casum

117 2020 341 2072 eundem
387 2021 628 2089 primum,
692 2030 743 2072 et
792 2020 1057 2072 additione
1104 2022 1386 2090 pressionis

116 2127 266 2160 novae
297 2109 644 2161 movebuntur
670 2108 735 2160 de
760 2109 885 2159 locis
913 2109 1030 2171 suis,
1059 2127 1154 2177 per
1180 2108 1381 2160 Defini-

116 2199 309 2250 tionem
338 2197 526 2249 Fluidi.
603 2196 741 2258 Quae
767 2197 873 2248 duo
898 2207 1206 2267 repugnant.
1285 2197 1431 2267 Ergo
1456 2193 1587 2247 falso
1613 2195 1884 2249 dicebatur
1903 2199 2045 2269 quod
2069 2202 2230 2270 sphaei
2246 2223 2275 2253 a

119 2289 166 2341 E
195 2290 239 2341 F
264 2309 370 2340 non
395 2289 627 2359 undique
650 2289 982 2358 premebatur
1007 2289 1291 2359 aequaliter.
1372 2290 1441 2352 Q.
1463 2308 1507 2340 e.
1536 2289 1586 2339 d.

192 2380 305 2431 CaS.
335 2386 382 2431 3.
458 2378 596 2431 Dico
620 2387 873 2447 praeterea
898 2377 1040 2447 quod
1064 2378 1385 2430 diversarum
1411 2379 1638 2448 partium
1666 2378 2038 2447 sphaericarum
2060 2383 2275 2451 aequalis

0 2537 5 2541 .
118 2467 183 2519 sit
206 2467 420 2536 pressi0.
497 2467 635 2518 Nam
659 2476 830 2535 partes
857 2467 1125 2535 sphaericae
1151 2470 1411 2539 contiguae
1439 2486 1493 2518 se
1518 2477 1701 2540 mutuo
1727 2479 1975 2536 premunt
2004 2472 2277 2540 aequaliter

39 2585 41 2587 ·
117 2559 172 2610 in
184 2569 381 2631 puncto
397 2569 679 2622 contactus,
691 2576 786 2628 per
801 2559 970 2611 motus
983 2560 1181 2631 Legem
1191 2560 1411 2611 tertiam.
1455 2558 1560 2611 Sed
1577 2568 1642 2621 et,
1654 2577 1749 2627 per
1762 2558 1956 2611 Casum
1970 2563 2164 2613 secund
2172 2583 2273 2625 um,

0 2637 10 2654 ἑ
119 2651 348 2722 undique
384 2661 693 2721 premuntur
737 2651 919 2703 eadem
955 2652 1022 2704 vi.
1100 2652 1282 2703 Partes
1309 2650 1468 2721 igitur
1494 2649 1612 2700 duae
1640 2649 1833 2718 quaevis
1861 2650 2134 2718 sphaericae
2170 2671 2277 2702 non

121 2733 392 2812 contiguae,
425 2741 485 2810 (Β)
508 2742 628 2811 quia
651 2759 771 2809 pars
799 2740 1052 2809 sphaerica
1069 2739 1376 2792 intermedia
1402 2750 1615 2809 tangere
1639 2747 1812 2806 potest
1839 2748 2129 2809 utramque,
2158 2759 2277 2809 pre-

121 2838 329 2881 mentur
356 2828 537 2881 eadem
561 2830 628 2881 vi.
706 2829 775 2890 Q.
803 2848 847 2880 e.
875 2829 926 2880 d.

196 2920 309 2971 Cas.
337 2925 387 2970 4.
463 2919 602 2971 Dico
620 2920 729 2988 jam
756 2918 897 2988 quod
921 2918 1068 2970 fluidi
1093 2928 1267 2988 partes
1294 2936 1473 2969 omnes
1500 2917 1694 2987 ubique
1717 2927 2029 2986 premuntur
2066 2920 2278 2989 aequali-

122 3023 215 3061 ter.
270 3009 408 3060 Nam
426 3018 596 3078 partes
623 3009 741 3060 duae
766 3009 959 3079 quaevis
986 3011 1130 3080 tangi
1154 3021 1374 3078 possunt
1398 3029 1427 3060 a
1452 3009 1687 3078 partibus
1710 3009 1978 3077 sphaericis
1999 3010 2051 3060 in
2072 3013 2278 3078 punctis

123 3099 530 3169 quibuscunque,
559 3110 610 3152 et
633 3100 705 3151 ibi
729 3109 901 3168 partes
926 3101 1040 3152 illas
1068 3101 1345 3170 sphaericas
1372 3101 1640 3170 aequaliter
1665 3110 1930 3169 premunt,
1960 3120 2055 3170 per
2085 3103 2278 3154 Casum

124 3188 333 3239 tertium
357 3199 407 3240 et
423 3188 645 3240 vicissim
664 3189 730 3241 ab
750 3189 849 3241 illis
875 3190 1142 3260 aequaliter
1156 3199 1480 3259 premuntur,
1509 3208 1603 3258 per
1628 3189 1801 3241 motus
1831 3190 2028 3260 Legem
2058 3193 2278 3244 tertiam.

186 3315 197 3327 .
219 3296 263 3328 e.
290 3275 343 3328 d.

128 3277 182 3338 Q
203 3367 316 3417 Cas.
345 3373 394 3418 5.
471 3364 607 3416 Cum
644 3367 801 3437 igitur
837 3366 983 3417 fluidi
1018 3385 1139 3434 pars
1166 3367 1407 3436 quaelibet
1436 3365 1489 3417 G
1518 3367 1578 3417 H
1606 3367 1631 3417 I
1661 3366 1715 3417 in
1740 3366 1902 3417 fluido
1930 3366 2129 3436 reliquo
2167 3377 2282 3418 tan-

132 3472 286 3524 quam
304 3454 358 3504 in
383 3472 503 3505 vase
528 3453 811 3517 claudatur,
841 3465 891 3505 et
915 3455 1142 3525 undique
1167 3464 1431 3523 prematur
1458 3451 1740 3524 aequaliter,
1770 3464 1947 3522 partes
1975 3465 2147 3507 autem
2174 3457 2281 3523 ejus

139 3562 193 3596 se
216 3543 402 3595 mutuo
424 3543 688 3614 aequaliter
710 3554 950 3612 premant
986 3554 1037 3596 et
1073 3545 1338 3614 quiescant
1374 3545 1508 3595 inter
1533 3562 1616 3606 se3
1654 3543 1982 3596 manifestum
2028 3555 2104 3596 est
2141 3543 2282 3614 quod

192 3707 249 3763 (⁸)
272 3710 294 3733 ³*
315 3709 414 3754 Quia
419 3724 519 3761 pars
534 3711 713 3761 symm-ica
724 3710 945 3761 intermedia
959 3716 1112 3760 tangere
1122 3723 1189 3760 po-
1243 3710 1336 3748 alias
1345 3710 1683 3759 partes·sphaericas
1694 3711 1734 3748 in
1746 3711 1900 3760 punctis
1911 3710 2110 3749 contactus
2119 3720 2280 3760 premet3

148 3769 217 3809 test
234 3770 453 3816 utramque.
514 3763 726 3813 Nam,pars
748 3762 817 3801 ina
843 3762 1069 3801 intermedia
1095 3763 1192 3801 duas
1244 3770 1359 3814 atque
1377 3765 1425 3802 ab
1444 3760 1519 3801 illis
1537 3772 1732 3814 premetur
1752 3765 1960 3815 aequaliter,
1983 3766 2048 3816 (ex
2067 3764 2192 3815 dem.)

191 3827 292 3871 Vin„
318 3832 379 3870 ΙΙ.
1196 3832 1218 3869 1
