2502 4192
240 311 310 357 642
781 304 1347 359 PHILOSOPHIAE
1387 301 1839 356 NATURALIS
1919 303 2101 369 [Mor.
2128 302 2379 355 Conpon.

236 444 496 515 duplicata
521 449 721 502 ratione
758 449 1086 501 altitudinum
1128 449 1176 501 L
1218 449 1294 510 H,
1342 448 1395 498 N
1432 448 1477 510 Ι,
1525 465 1651 516 quas
1697 463 1884 514 corpus
1926 446 2244 515 temporibus
2282 446 2383 497 ilhs

234 536 528 590 describere
567 547 758 608 posset,
802 557 834 589 a
858 538 1188 609 tangentibus
1227 535 1462 589 cadendo
1476 556 1490 598 3
1532 536 1591 604 (0)
1620 545 1671 587 et
1694 535 1985 588 velocitates
2011 544 2163 587 erunt
2185 544 2243 586 ut
2266 535 2381 585 lona

230 628 491 700 gitudines
535 628 808 698 descriptae
837 629 890 681 G
912 629 990 693 H,
1033 629 1094 680 H
1121 629 1148 681 Ι
1174 626 1368 680 directe
1395 636 1446 679 et
1470 636 1705 697 tempora
1741 624 1957 678 inverse.
2035 625 2374 694 Exponantur

230 728 465 788 tempora
496 737 592 789 per
629 719 681 771 T
706 729 758 772 et
790 729 827 783 t,
871 728 922 770 et
945 738 1034 770 ve-

622 811 768 864 GH
896 811 958 862 H

228 863 463 916 locitates
489 870 588 933 per
667 896 719 947 T
805 873 857 916 et
900 874 1040 948 Τς

231 966 297 1053 (ἆ)
318 996 369 1038 et
384 987 773 1040 decrementum
798 988 1038 1041 velocita-

229 1076 292 1128 tis
309 1087 542 1146 tempore
561 1087 583 1129 t
601 1076 792 1129 factum
812 1096 1040 1148 expone-

462 1160 606 1218 G2H
734 1164 795 1216 H

229 1225 315 1267 tur
338 1234 433 1285 per
478 1236 603 1300 -Τ-
632 1248 705 1257 -
739 1239 864 1301 -ῐῆ
913 1218 1038 1272 Hoc

230 1336 619 1390 decrementum
644 1340 809 1391 oritur
833 1359 865 1391 a
888 1343 1040 1393 resis-

230 1428 390 1481 tentia
419 1447 609 1497 corpus
635 1431 948 1496 retardante,
989 1441 1040 1484 et

228 1519 479 1589 gravitate
496 1537 684 1589 corpus
702 1520 1034 1574 accelerante.
1125 1554 1170 1594 p

233 1609 489 1673 GravitaS,
511 1610 565 1660 in
582 1628 801 1680 corpore
821 1611 1038 1663 cadente
1128 1597 1150 1603 ω

231 1710 282 1752 et
308 1700 531 1769 spatium
558 1700 612 1751 N
630 1700 656 1752 I
685 1700 921 1773 cadendo
947 1702 1035 1753 de-

232 1789 503 1854 scribente,
531 1798 747 1860 generat
770 1789 1109 1855 velocitatem,
1151 1788 1253 1861 qua
1280 1787 1498 1857 duplum
1521 1786 1650 1839 illud
1676 1788 1898 1856 spatium
1924 1786 2107 1839 eodem
2144 1797 2379 1856 tempore

2178 1883 2209 1927 2
2239 1878 2293 1929 N
2318 1879 2345 1931 Ι

2258 1973 2280 2014 t
2361 1950 2375 1983 :

234 2051 291 2123 (f)
319 2061 372 2105 at
395 2053 450 2104 in
476 2070 694 2122 corpore
720 2070 899 2107 arcum
927 2054 988 2106 H
1015 2054 1042 2107 I
1068 2053 1408 2116 describente,
1448 2061 1606 2124 auget
1630 2070 1806 2105 arcum
1831 2052 1978 2105 illum
2004 2051 2111 2105 sola
2149 2051 2377 2122 longitu-

1716 1561 1776 1614 Α
1910 1533 2040 1620 Bb
2119 1578 2369 1626 ΒΕΘ,

233 1931 454 1983 describi
470 1930 743 2000 potuisset,
774 1933 836 2001 (e)
857 1942 915 1985 ut
942 1933 1191 1986 Galilaeus
1217 1931 1589 1984 demonstravit
1602 1950 1618 1994 3
1643 1930 1698 1982 id
1724 1940 1801 1983 est
1824 1930 2145 1984 velocitatem

234 2219 320 2246 eam
338 2204 479 2243 minuit
492 2205 705 2255 quantitate
716 2206 799 2258 ejus
812 2207 932 2257 ipsius
945 2215 1120 2258 respectu
1131 2206 1281 2245 infinite
1333 2204 1511 2244 retardat.
1569 2206 1702 2252 Quare
1728 2206 1761 2245 si
1787 2206 1999 2245 resistentia
2016 2206 2053 2244 vi
2071 2205 2266 2257 gravitatis
2292 2212 2378 2244 tan-

235 2259 363 2310 parva,
393 2272 481 2309 quae
499 2259 629 2309 itaque
646 2259 710 2297 hic
730 2273 809 2298 non
827 2269 885 2299 est
901 2262 1121 2310 spectanda,
1150 2261 1280 2311 itaque
1333 2258 1492 2309 gentiali
1519 2261 1642 2311 major
1668 2268 1737 2308 est,
1770 2268 1900 2298 motus
1930 2260 2155 2304 retardatur,
2186 2259 2218 2297 si
2249 2259 2377 2297 minor

236 2325 375 2362 corpus
393 2323 526 2349 arcum
548 2314 586 2350 G
608 2313 653 2351 H
673 2312 886 2353 describere
905 2315 1141 2353 censendum
1161 2324 1217 2353 est
1243 2314 1280 2351 vi
1335 2312 1579 2361 acceleratur,
1601 2314 1633 2352 si
1652 2314 1809 2366 aequalis
1827 2327 1898 2353 nec
1916 2313 2149 2353 acceleratur
2169 2325 2240 2351 nec
2259 2320 2378 2350 retar-

238 2364 451 2415 composita
470 2377 516 2403 ex
536 2366 573 2402 vi
591 2372 722 2405 motus
741 2367 845 2407 insiti
863 2376 902 2406 et
919 2369 957 2405 vi
975 2367 1181 2419 gravitatis.
1225 2368 1281 2405 Et
1334 2365 1458 2403 datur.

236 2419 353 2457 simili
367 2417 495 2464 mod0,
513 2426 685 2468 tempore
699 2421 835 2459 eodem
854 2434 932 2472 quo
950 2421 1129 2460 describit
1146 2433 1281 2460 arcum
1388 2418 1445 2471 (Ε)
1467 2422 1488 2444 *
1520 2422 1572 2459 Ut
1595 2422 1776 2461 Galiloeus
1802 2423 2077 2461 demonstravit.
2138 2419 2250 2472 (Vid.
2269 2418 2370 2457 dem.

239 2473 285 2511 H
310 2474 342 2518 1,
378 2472 415 2509 vi
442 2472 638 2523 gravitatis
652 2474 802 2514 caderet
820 2488 889 2525 per
906 2475 1150 2514 altitudinem
1179 2475 1220 2513 N
1242 2474 1276 2511 Ῐ.
1333 2480 1403 2510 not
1423 2478 1484 2512 29.
1510 2473 1598 2512 Lib.
1626 2475 1685 2525 1.)
2105 2477 2108 2480 ’

241 2527 374 2571 Quare
404 2526 489 2576 (per
518 2526 627 2563 Lem.
651 2527 706 2564 X.
733 2528 821 2567 Lib.
847 2528 907 2578 Ι.)
937 2537 1110 2579 tempora
1139 2529 1280 2580 quibus
1388 2525 1439 2578 (f)
1471 2530 1490 2550 ⁸
1514 2530 1630 2567 Acin
1650 2542 1811 2579 corpore,
1837 2528 1907 2566 ὅτε.
1967 2528 2073 2567 Nam
2091 2525 2173 2565 sola
2190 2526 2227 2564 vi
2246 2524 2373 2572 insitii,

237 2592 377 2628 corpus
395 2578 571 2617 describit
589 2592 700 2618 arcus
721 2582 760 2620 G
777 2583 835 2628 H,
859 2582 903 2620 H
922 2583 957 2629 I,
978 2596 1047 2621 seu
1065 2582 1204 2633 quibus
1217 2594 1280 2620 ca-
1333 2591 1472 2628 corpus
1498 2587 1669 2630 tempore
1694 2590 1711 2620 t
1736 2581 1963 2620 describeret
1993 2588 2216 2633 tangentem
2252 2580 2296 2617 H
2320 2581 2372 2625 N,

240 2633 298 2671 dit
313 2645 380 2682 per
397 2631 621 2671 altitudines
649 2633 686 2671 L
709 2635 766 2682 H,
790 2637 833 2674 N
854 2636 890 2683 I,
910 2644 1001 2675 sunt
1018 2636 1060 2674 in
1078 2635 1280 2686 subdupli·
1334 2640 1373 2672 et
1390 2632 1428 2671 vi
1445 2635 1643 2685 gravitatis
1654 2634 1736 2675 sola
1752 2635 1997 2674 altitudinem
2017 2635 2058 2673 N
2073 2636 2105 2680 1,
2128 2634 2272 2673 viribus
2285 2632 2375 2673 verb

245 2686 331 2724 cata
348 2686 495 2723 ratione
513 2687 652 2724 harum
671 2687 931 2729 altitudinem.

295 2740 350 2792 (⁰)
374 2743 394 2764 ²*
417 2741 474 2778 Et
491 2742 695 2780 velocitates
711 2751 828 2783 erunt
848 2743 951 2796 (11).

296 2793 350 2845 (⁰)
372 2795 394 2817 ¹¹*
416 2795 471 2832 Et
490 2795 772 2836 decrementum
785 2799 993 2837 velocitatis.
1043 2797 1148 2836 Nam
1169 2795 1201 2833 si
1219 2808 1282 2834 ve-

241 2846 375 2884 locitas
393 2858 462 2898 per
478 2858 613 2885 arcum
643 2848 686 2886 H
710 2850 746 2896 I,
774 2850 909 2889 eadem
928 2857 1026 2889 esset
1043 2863 1087 2888 ac
1105 2849 1284 2888 velocitas

987 2904 1027 2942 G
1049 2904 1094 2942 H

242 2943 310 2980 per
327 2944 461 2969 arcum
482 2931 519 2969 G
542 2932 599 2978 H,
621 2943 874 2983 exponeretur
890 2948 959 2986 per
983 2959 1108 2983 ——--,
1137 2942 1194 2974 est
1211 2948 1281 2974 au·

1020 2970 1057 3009 T

244 3058 324 3089 tem
350 3049 418 3087 illa
437 3018 542 3122 {it-l·
605 3052 737 3097 Quare
757 3054 790 3093 si
808 3054 987 3094 velocitas
1004 3055 1208 3101 decrescat,
1235 3053 1283 3091 il-

244 3136 320 3174 lius
345 3135 634 3175 decrementum
661 3146 833 3190 tempore
849 3147 868 3178 t
884 3141 1044 3189 factum,
1072 3146 1286 3190 exponetur

335 3189 373 3226 G
397 3189 442 3227 H
528 3191 573 3227 H
605 3190 626 3228 Ι
724 3224 734 3233 .
839 3224 854 3237 ,

245 3234 313 3271 per
458 3245 512 3254 —
537 3245 642 3264 ——.
694 3225 736 3265 Si
766 3238 857 3264 vero
885 3233 1040 3272 crescat,
1071 3232 1285 3276 exponetur

379 3267 398 3293 1
569 3265 587 3295 t

253 3309 413 3413 perI-{z-I
434 3363 487 3372 —-
515 3309 648 3414 GTH;
674 3343 749 3381 hoc
776 3342 1064 3383 decrementum
1082 3343 1144 3381 vel
1160 3343 1284 3381 incre-

245 3437 424 3467 mentum
453 3427 574 3466 oritur
605 3441 628 3466 a
655 3427 870 3468 resistentia
900 3442 1040 3479 corpus
1069 3427 1286 3467 retardante

245 3480 404 3532 ejusque
430 3481 554 3519 motui
581 3481 795 3520 secundum
822 3483 1070 3521 directionem
1091 3481 1286 3532 tangentis

248 3534 293 3571 H
318 3537 355 3573 N
384 3534 445 3572 vel
471 3534 581 3572 arcus
610 3535 655 3572 H
679 3535 697 3572 I
719 3535 862 3574 directe
887 3536 1076 3575 contraria
1106 3534 1168 3587 (1)
1198 3542 1237 3572 et
1263 3547 1287 3573 a

245 3589 431 3637 gravitate
462 3596 614 3625 motum
646 3589 814 3637 corporis
845 3588 1110 3628 descendentis
1141 3588 1286 3626 accele-
1341 3592 1556 3646 conjunctis
1582 3576 1768 3631 describi(
1784 3603 1916 3630 ancum
1943 3592 1988 3630 H
2009 3591 2044 3636 Ι,
2103 3588 2234 3635 Quart}
2251 3592 2376 3643 gravi-

245 3649 365 3686 rante‚
394 3641 451 3679 vis
478 3640 582 3678 enim
609 3642 804 3691 gravitatis
821 3643 863 3679 in
881 3643 980 3681 vires
998 3642 1095 3680 duas
1112 3641 1289 3679 videlicet
1340 3656 1399 3687 tas
1410 3648 1576 3697 spatium
1590 3660 1613 3685 a
1626 3659 1781 3697 corpore
1795 3644 2008 3683 secundum
2019 3643 2266 3682 directionem
2282 3646 2325 3683 H
2338 3644 2378 3683 N

246 3695 461 3733 normalem
479 3702 518 3731 et
535 3694 812 3744 tangentialem
827 3695 947 3734 divisa
963 3696 1051 3749 (24)
1068 3694 1235 3743 corporis
1247 3694 1290 3731 in
1342 3702 1403 3741 vel
1418 3701 1463 3740 H
1475 3702 1507 3747 1,
1521 3700 1812 3739 describendum
1825 3706 1943 3749 auget
1951 3696 2285 3747 solalongitudine
2300 3699 2344 3736 H
2355 3698 2377 3737 I

246 3748 364 3785 curva
382 3746 645 3786 descendentis
662 3755 814 3785 motum
832 3762 901 3796 per
918 3749 996 3787 vim
1014 3747 1289 3799 tangentialem
2139 3751 2185 3786 M
2202 3751 2218 3788 Ῐ
2235 3757 2274 3797 ><
2285 3752 2325 3789 N
2340 3752 2361 3788 Ι

246 3801 432 3840 accelerat
460 3813 578 3852 quem
601 3800 658 3839 vis
684 3801 867 3840 normalis
891 3815 962 3841 nec
989 3802 1185 3848 accelerat,
1218 3813 1290 3840 nec
1343 3808 1396 3820 ·““
1410 3787 1453 3826 H
1472 3787 1525 3827 N·
1559 3786 1634 3826 Est
1646 3792 1776 3827 ”mem
1790 3785 1835 3823 H
1851 3784 1873 3823 Ῑ
1887 3803 1940 3816 “““
1954 3783 1998 3822 Η
2015 3783 2122 3823 N:
2134 3804 2374 3852 “*jsq'
