2502 4192
118 305 304 358 Lmen
333 305 605 368 Secutum]
672 301 1074 355 PRINCIPIA
1115 297 1730 353 MATHEMATICA.
2189 310 2260 355 49

114 467 226 501 esse
259 466 378 499 cum
412 446 661 499 methodo
690 447 845 499 Slusii
872 456 982 498 tum
1007 446 1241 497 nondum
1267 442 1643 495 communicat&
1659 463 1674 506 3
1715 442 1986 513 subjunxi:
2026 445 2147 496 Hoc
2184 454 2254 498 est

110 556 258 589 unum
273 538 592 604 particulare
617 538 694 589 vel
720 537 1052 589 Corollarium
1067 537 1241 602 potius
1265 535 1481 585 methodi
1498 534 1772 602 generalis,
1811 551 1921 601 quoe
1945 536 2168 585 extendit
2203 555 2254 587 se

110 628 241 679 citra
266 629 511 678 molestum
535 627 687 677 ullum
705 628 957 688 calculum,
985 643 1084 676 non
1099 628 1240 677 modo
1266 625 1332 693 (¹²)
1353 627 1424 676 ad
1448 626 1716 676 ducendum
1735 633 1995 693 tangentes
2014 628 2084 678 ad
2109 645 2256 695 quas-

109 716 185 768 vis
225 733 399 767 curvas
440 718 542 767 sive
559 717 881 784 geometricas
904 716 1006 767 sive
1029 717 1337 768 mechanicas
1361 718 1438 766 vel
1468 717 1892 784 quomodocunque
1909 725 2071 768 rectas
2092 719 2255 769 lineas

20 802 24 807 ’
108 809 298 860 aliasve
311 825 484 859 curvas
498 808 825 875 respicienteS,
838 805 1001 858 verum
1017 809 1165 858 etiam
1182 809 1253 857 ad
1264 809 1597 859 resolvendum
1607 808 1716 857 alia
1733 799 2042 859 abstrusiora
2052 808 2254 874 proble-

107 905 291 948 matum
310 915 500 965 genera
526 900 586 948 de
612 897 673 965 (⁰)
700 897 1037 959 curvitatibus,
1069 897 1132 964 (P)
1160 898 1309 959 areis,
1337 897 1748 964 longitudinibus,
1780 897 1843 965 (q)
1874 900 2059 949 centris
2076 900 2254 966 gravi-

106 988 229 1040 tatis
253 1005 525 1050 curvarum,
553 987 638 1050 ‘3⁶0-
665 1003 818 1054 neque
846 984 1278 1054 (quemadmodum
1303 985 1575 1036 Huddenii
1592 987 1842 1037 methodus
1868 989 1928 1037 de
1951 988 2182 1038 maximis
2206 997 2255 1039 et

106 1075 358 1145 minimis)
385 1077 455 1126 ad
477 1076 607 1126 solas
629 1074 953 1141 restringitur
976 1074 1277 1141 aequationes
1301 1073 1418 1125 illas
1437 1091 1547 1140 quce
1564 1074 1930 1141 quantitatibus
1956 1076 2122 1128 surdis
2140 1084 2255 1128 sunt

105 1165 351 1215 immunes.
424 1164 584 1214 Hanc
623 1164 895 1214 methodum
938 1162 1207 1214 intertexui
1240 1162 1392 1215 alteri
1417 1164 1504 1215 isti
1530 1160 1629 1230 qud
1652 1164 1986 1231 aequatz‘onum
2024 1167 2253 1233 exegesin

107 1252 315 1304 instituo
337 1252 613 1303 reducendo
637 1270 720 1303 eas
745 1252 815 1302 ad
837 1251 988 1302 series
1012 1250 1254 1319 irffinitas.
1330 1250 1604 1302 Hactenus
1631 1252 1865 1319 epistola.
1944 1253 2014 1304 Et
2038 1252 2153 1304 haec
2172 1253 2252 1304 ul-

104 1341 229 1392 tima
265 1341 421 1393 verba
457 1351 691 1410 spectant
723 1341 790 1392 ad
815 1350 1089 1392 tractatum
1114 1357 1268 1409 quem
1294 1357 1431 1391 anno
1462 1346 1617 1396 1671.
1645 1341 1710 1392 de
1735 1341 1816 1408 his
1843 1342 1999 1394 rebus
2028 1343 2251 1412 scripse·
2316 1384 2317 1387 η

103 1450 232 1483 ram.
288 1431 531 1484 Methodi
556 1430 680 1484 vero
704 1431 857 1501 hujus
876 1431 1129 1502 generalis
1155 1430 1551 1484 fundamentum
1576 1432 1872 1485 continetur
1896 1434 1952 1484 in
1974 1433 2249 1487 Lemmate

103 1518 444 1587 praecedente.
487 1520 559 1589 (†)

421 1777 431 1788 .
509 1733 976 1789 PROPOSITIO
1015 1734 1172 1788 vm.
1249 1691 1702 1788 THEOREMA
1741 1735 1837 1788 VI.

98 1886 157 1940 Si
177 1902 351 1952 corpus
375 1886 430 1937 in
449 1886 608 1937 medio
622 1883 876 1954 uniformi,
898 1886 1157 1954 gravitate
1180 1884 1498 1955 uniformiter
1523 1893 1717 1953 agente,
1743 1883 1883 1937 recta
1903 1887 2141 1937 ascendat
2165 1887 2245 1938 vel

169 1976 447 2039 descendat,
491 1985 539 2030 et
576 1977 791 2043 spatium
815 1984 967 2030 totum
993 1979 1288 2044 descriptum
1324 1978 1665 2046 distinguatur
1703 1978 1760 2028 in
1789 1986 1969 2044 partes
2008 1980 2239 2045 oequales,

167 2067 317 2134 inque
328 2067 607 2133 principiis
631 2067 940 2135 singularum
955 2068 1186 2135 partium
1213 2065 1479 2136 (addendo
1501 2068 1834 2119 resistentiam
1857 2068 2012 2118 medii
2036 2069 2107 2117 ad
2141 2068 2241 2117 vim

162 2156 453 2224 gravitatiS,
498 2157 697 2223 quando
732 2172 909 2223 corpus
944 2157 1181 2219 ascendit,
1217 2157 1294 2208 ’er
1326 2156 1632 2208 subducendo
1658 2157 1818 2222 ipsam
1843 2157 2041 2224 quando
2066 2174 2243 2223 corpus

0 2218 12 2225 Ὃ
92 2249 94 2251 ’
166 2243 448 2311 descendit)
477 2244 832 2313 investigentur
855 2244 984 2297 vires
1008 2245 1271 2306 absolutoe;
1308 2246 1419 2298 dico
1443 2242 1574 2314 quod
1597 2245 1727 2299 vires
1745 2244 1850 2298 illae
1867 2246 2105 2299 absolutce
2129 2254 2244 2298 sunt

165 2333 221 2383 in
235 2333 588 2399 progressione
603 2332 921 2402 geometricd.

183 2482 493 2551 Exponatur
546 2482 686 2534 enim
746 2482 826 2535 vis
915 2516 979 2561 H

94 2572 357 2644 gravitatis
402 2589 499 2642 per
547 2571 721 2624 datam
761 2572 825 2624 li-

94 2682 245 2716 neam
267 2661 374 2715 AC
383 2683 397 2725 3
424 2663 716 2715 resistentia
730 2681 826 2732 per

93 2753 284 2806 lineam
308 2753 633 2808 indefinitam
658 2754 710 2807 A
740 2755 816 2818 K3

97 2844 171 2896 vis
207 2844 443 2897 absoluta
476 2844 534 2896 in
569 2844 825 2902 descensu

96 2935 327 3005 corporis
363 2953 457 3005 per
482 2936 826 2990 differentiam

99 3023 151 3075 K
181 3024 255 3087 C;
300 3024 544 3077 velocitas
587 3028 824 3104 cotjporis

93 3131 188 3181 per
211 3114 403 3167 lineam
428 3116 485 3178 A¹
509 3115 571 3180 P,
611 3135 729 3187 quae
764 3119 829 3171 sit

10 3188 13 3191 Δ
94 3203 266 3255 media
302 3192 716 3274 proportionalis
742 3208 821 3259 in·
980 3212 1020 3258 C
1370 3175 1378 3192 ·
1420 3174 1428 3191 Ι
1571 3211 1630 3253 K
1648 3210 1681 3254 I
1715 3212 1773 3254 A
1838 3212 1870 3256 1
1928 3213 1981 3259 k
2046 3213 2077 3258 1
2111 3213 2146 3256 ‘1
2174 3212 2211 3261 P

139 3365 197 3416 (¹¹)
238 3369 260 3392 0
298 3368 363 3407 Ad
398 3370 617 3410 ducendum
650 3379 843 3422 tangentes
880 3373 989 3424 (150.
1035 3377 1120 3414 156.
1233 3374 1291 3427 (q)
1313 3376 1334 3398 ¹*
1359 3375 1505 3415 Centris
1519 3374 1726 3424 gravitatis.
1761 3375 1843 3425 (66.
1871 3374 1959 3414 Lib.
1981 3375 2044 3426 Ι.)

60 3466 63 3467 ⁷
88 3416 178 3456 Lib.
202 3418 261 3469 Ι.)
297 3420 385 3458 vide
413 3421 653 3462 Marchionis
675 3425 890 3475 Hospitalii
920 3426 1126 3477 Analysim
1234 3427 1297 3480 (†)
1329 3428 1382 3466 In
1399 3427 1706 3477 praecedentibus
1724 3426 1960 3468 editionibus
1987 3428 2092 3471 istud
2119 3430 2230 3469 scho-

85 3470 238 3536 infinite
253 3477 472 3522 patvorum,
493 3475 560 3514 ubi
577 3477 783 3517 methodus
798 3478 867 3518 issa
880 3481 1125 3532 tangentium
1177 3480 1277 3519 lium
1296 3481 1369 3519 hoc
1387 3480 1505 3519 modo
1523 3493 1563 3519 se
1580 3481 1756 3519 habebat.

87 3522 172 3562 fuse
191 3534 229 3563 et
245 3525 446 3576 perspicue
465 3529 682 3577 exponitur.
716 3567 720 3569 ,
1239 3534 1290 3572 In
1308 3533 1443 3572 litteris
1460 3545 1550 3583 quae
1567 3533 1664 3571 mihi
1682 3545 1775 3572 cum
1789 3535 1986 3585 geometra
2003 3535 2231 3586 peritissimo

135 3577 191 3628 (⁰)
213 3581 234 3603 *
255 3581 320 3618 De
339 3583 598 3621 cuv-vitatibus.
633 3585 744 3634 (216.
764 3584 853 3623 Lib.
880 3585 941 3635 Ι.)
1190 3587 1240 3626 G.
1269 3587 1319 3626 G.
1346 3586 1543 3625 Leibnitio
1561 3586 1672 3625 annis
1690 3586 1829 3625 abhinc
1856 3587 1989 3627 decem
2010 3588 2227 3626 ‘intercede-

143 3629 199 3681 (Ρ)
222 3632 243 3656 ’“
264 3634 390 3679 Areis,
409 3636 719 3684 longitudinibus,
739 3638 809 3675 διε.
844 3639 946 3678 Haec
958 3638 1134 3689 plurimis
1184 3642 1291 3686 bant,
1312 3639 1404 3678 cum
1433 3638 1691 3690 significarem
1717 3652 1782 3678 me
1803 3650 2022 3691 compotem
2049 3654 2129 3679 esse
2147 3654 2230 3679 me-

87 3683 283 3732 exempns,
303 3692 391 3723 tum
413 3686 474 3724 10·
496 3695 582 3726 tum
603 3689 663 3726 20·
685 3689 785 3728 libro
804 3693 992 3731 contentis
1009 3693 1133 3731 mani·
1186 3693 1295 3732 thodi
1312 3692 1594 3731 determinandi
1611 3693 1783 3732 maxima
1800 3701 1839 3732 et
1856 3694 2031 3750 minima³
2061 3694 2229 3733 ducendi

0 3844 9 3858 ι,
15 3852 35 3881 ξ).

0 3860 29 3936 {³

85 3732 180 3799 fest}
197 3744 299 3775 sunt.
360 3739 464 3779 Vide
479 3748 685 3783 tractatum
705 3743 887 3784 Newtoni
904 3744 954 3785 de
971 3745 1134 3797 quadra·
1186 3753 1400 3797 tangentes,
1430 3753 1467 3784 et
1487 3745 1627 3784 similia
1643 3746 1865 3798 peragendi,
1893 3759 1981 3797 quae
1998 3747 2040 3784 in
2058 3748 2230 3786 terminis

86 3792 173 3825 tura
192 3802 411 3831 curvarum.
1187 3798 1314 3838 surdis
1341 3811 1452 3850 aeque
1480 3811 1525 3837 ac
1553 3798 1596 3836 in
1631 3799 1880 3838 rationalibus
1915 3799 2146 3849 procederet,
2191 3811 2230 3840 et

138 3854 237 3896 von.
263 3857 324 3897 ΙΙ.
1133 3867 1175 3905 D
