2502 4192
107 305 291 360 LIBER
320 308 593 370 SECUND.]
659 304 1060 358 PRINCIPIA
1102 304 1723 358 MATHEMATICA.
2165 317 2266 367 147

947 704 1253 766 SECTIO
1297 704 1409 764 VI.

382 863 470 921 De
497 873 652 923 motu
678 871 737 921 et
763 862 1086 922 resistentici
1113 882 1418 941 corporum
1436 862 1989 940 funependulorum.

386 1089 450 1159 (g)
480 1059 952 1142 PR6POSIT10
993 1087 1211 1140 XXIV.
1289 1084 1746 1139 THEOREMA
1787 1085 1952 1137 XIX.

101 1234 424 1299 Quantitates
472 1235 699 1285 materiae
742 1235 797 1284 iu
837 1233 1123 1299 corporibus
1152 1232 1538 1301 fuuependulis,
1581 1249 1786 1299 quorum
1835 1238 2009 1282 centra
2062 1231 2260 1282 oscilla-

167 1328 354 1378 tionum
380 1345 413 1376 α
438 1336 607 1378 centro
631 1327 964 1393 suspensionis
990 1326 1254 1393 aequaliter
1278 1325 1487 1385 distant,
1526 1332 1643 1374 sunt
1669 1324 1725 1373 iu
1750 1325 1953 1374 ratione
1991 1321 2260 1389 compositd

167 1436 229 1468 ex
274 1418 474 1468 ratione
511 1419 790 1484 ponderum
840 1425 888 1467 et
929 1417 1130 1466 ratione
1174 1413 1433 1481 duplicat&
1484 1422 1754 1480 temporum
1797 1414 2159 1466 oscillationum
2205 1416 2260 1465 iu

168 1530 336 1564 vacuo.

165 1653 305 1706 Nam
328 1652 589 1709 velocitas,
619 1670 775 1721 quam
801 1651 923 1702 data
947 1651 1022 1702 vis
1050 1651 1103 1700 in
1129 1649 1250 1702 data
1285 1650 1517 1712 materis,
1546 1650 1691 1726 ,dato
1730 1660 1967 1718 tempore
2005 1668 2258 1721 generare

90 1752 277 1811 potest,
321 1752 398 1794 est
423 1752 481 1793 ut
499 1742 574 1792 vis
602 1752 653 1794 et
677 1752 882 1809 tempus
922 1739 1133 1804 directe,
1178 1752 1230 1792 et
1266 1740 1482 1792 materia
1520 1739 1740 1792 inverse.
1821 1740 1948 1803 Quo
1973 1742 2140 1810 major
2178 1752 2257 1794 est

28 1880 31 1881 γ
89 1833 166 1883 vis
193 1832 274 1884 vel
299 1832 465 1901 majus
491 1842 696 1900 tempus
734 1831 815 1883 vel
852 1831 1023 1882 minor
1061 1831 1292 1894 materia,
1334 1850 1395 1882 eo
1423 1832 1588 1901 major
1623 1832 1961 1903 generabitur
1987 1832 2250 1886 velocitas.

75 1922 156 1975 *Id
181 1922 322 1993 quod
346 1941 441 1991 per
465 1933 636 1974 motus
681 1923 884 1993 Legem
925 1923 1208 1974 secundam
1245 1923 1577 1978 manifestum
1614 1936 1706 1976 est.
1782 1924 1845 1994 (¹¹)
1886 1925 2006 1976 Jam
2049 1925 2175 1977 vero
2216 1911 2258 1978 si

86 2014 315 2084 pendula
353 2014 587 2084 ejusdem
613 2014 716 2067 sint
741 2015 1099 2086 longitudinis,
1146 2016 1280 2068 vires
1317 2017 1562 2069 motrices
1588 2018 1643 2068 in
1668 2018 1796 2069 locis
1823 2038 1853 2069 a
1878 2019 2256 2088 perpendiculo

87 2105 353 2176 aequaliter
379 2105 690 2157 distantibus
718 2116 839 2158 sunt
864 2117 922 2157 ut
946 2106 1209 2175 pondera:
1257 2107 1481 2177 ideoque
1520 2109 1563 2159 si
1602 2126 1823 2177 corpora
1868 2108 1974 2160 duo
2013 2110 2255 2162 oscillan-

87 2200 156 2252 do
193 2199 487 2252 describant
524 2218 674 2250 arcus
712 2199 957 2269 aequales,
1006 2209 1057 2251 et
1095 2218 1244 2251 arcus
1269 2199 1345 2252 illi
1380 2199 1679 2255 dividantur
1704 2201 1760 2253 in
1785 2211 1961 2270 partes
1987 2203 2244 2274 aequales3

87 2290 278 2362 (¹)cs1m
303 2301 537 2360 tempora
562 2290 752 2361 quibus
780 2308 1002 2360 corpora
1026 2290 1324 2344 describant
1350 2291 1579 2363 singulas
1605 2310 1822 2345 arcuum
1845 2302 2021 2361 partes
2049 2312 2252 2347 corres-

139 2454 195 2508 (ἕ)
219 2458 239 2480 *
264 2457 471 2506 Propositio
491 2458 657 2495 XXIV.
706 2455 755 2494 In
768 2454 842 2494 hae
864 2455 1132 2505 Propositione

86 2515 125 2546 et
143 2509 226 2559 ejus
248 2508 470 2547 Corollariis
494 2509 726 2558 supponitur
752 2522 911 2558 corpora
937 2510 1130 2558 funepen-

83 2560 188 2608 dula,
208 2575 295 2612 quae
314 2570 597 2612 comparantur,
631 2563 673 2600 in
700 2563 939 2613 cycloidibus
957 2571 1026 2601 aut
1052 2563 1127 2601 sal-

83 2622 162 2652 tem
189 2615 230 2651 in
250 2615 402 2666 exiguis
427 2616 562 2666 magni
588 2616 722 2653 circuli
749 2618 915 2654 arcubus
946 2616 1124 2654 oscillari.

84 2669 106 2692 *
131 2668 310 2706 Pondera
328 2675 459 2706 autem
476 2681 682 2717 corporum
700 2669 763 2707 hic
781 2669 926 2719 duplici
946 2669 996 2708 de
1014 2669 1130 2708 causa

84 2733 108 2758 a
125 2720 286 2759 materiai
303 2719 476 2771 ipsorum
503 2722 819 2773 distinguuntur;
852 2723 988 2772 primo,
1023 2723 1129 2773 quod

82 2773 259 2812 nondum
284 2775 426 2813 assumi
455 2776 575 2825 possit
600 2776 827 2827 gravitatem
853 2789 967 2827 agere
990 2789 1128 2815 secun-

81 2826 177 2864 dum
196 2828 383 2866 rationem
402 2841 628 2875 massarum,
649 2841 739 2867 cum
758 2829 799 2867 id
823 2830 951 2878 ipsum
979 2842 1027 2867 ex
1053 2829 1128 2867 isto

84 2880 339 2918 Theoremate
365 2890 498 2930 postea
524 2881 750 2929 deducatur,
789 2883 878 2921 Cor.
901 2887 967 2929 7.;
1002 2890 1040 2920 et
1068 2895 1126 2920 se-

81 2933 222 2979 cundo,
243 2933 285 2970 in
304 2933 461 2971 diversis
478 2934 573 2972 locis
590 2935 754 2986 gravitas
773 2935 920 2973 diversa
947 2949 1028 2974 esse
1058 2949 1125 2984 po-

81 2993 154 3024 test
175 2988 238 3038 (ut
256 2986 413 3036 quidem
425 2999 470 3024 ex
487 2989 758 3036 experimentis
772 2989 939 3039 constat)
960 2989 1124 3040 ideoque

80 3051 285 3088 corporum
314 3040 483 3078 duorum
509 3041 552 3077 in
579 3041 734 3079 diversis
752 3043 799 3079 iis
817 3042 910 3080 locis
937 3051 1123 3091 spectato-

79 3104 167 3129 rum
186 3094 282 3130 ratio
299 3093 468 3132 materiae
487 3093 622 3132 eadem
647 3096 828 3143 manebit,
858 3108 936 3134 non
956 3094 1045 3134 vero
1063 3109 1124 3134 ra-

81 3144 135 3183 tio
153 3145 382 3194 ponderum.

134 3198 194 3250 (¹¹)
215 3202 306 3239 Jam
324 3199 408 3238 vero
426 3202 459 3239 si
465 3203 640 3251 pendula
651 3202 819 3252 ejusdem
830 3205 906 3242 sint
922 3204 1125 3253 longitudi-

79 3252 153 3297 nis,
180 3254 275 3290 vires
292 3255 467 3292 matrices
485 3256 528 3292 in
545 3257 634 3293 Iocis
652 3270 675 3293 a
691 3258 963 3306 perpendiculo
990 3269 1126 3308 ‹equa-

77 3305 163 3343 liter
181 3306 408 3344 distantibus
425 3316 517 3346 sunt
535 3316 577 3347 uc
592 3311 775 3357 pondera.

134 3360 155 3382 *
181 3358 286 3395 Nam
313 3358 343 3395 si
371 3359 543 3407 pendula
566 3361 741 3412 ejusdem
759 3362 836 3400 sint
853 3361 1121 3413 longitudinis,

79 3410 268 3459 cycloides
299 3410 413 3459 plane
445 3412 589 3450 similes
620 3422 659 3451 et
687 3416 853 3465 aequales
885 3416 1116 3454 describent:

79 3462 121 3500 in
139 3463 373 3514 unaquaque
401 3472 532 3503 autem
551 3466 734 3514 cycloide,
764 3469 861 3506 vires
879 3469 1020 3519 quibus
1037 3481 1122 3507 cor-

79 3528 172 3564 pora
195 3516 236 3554 in
266 3517 359 3555 locis
385 3519 584 3567 quibusvis
613 3519 667 3565 D,
702 3521 799 3566 (vid.
809 3525 885 3575 fig.
904 3536 993 3572 pag.
1018 3527 1122 3574 seq.)

55 3584 57 3586 ·
78 3569 139 3605 vel
158 3569 185 3607 d
203 3570 472 3616 accelerantur,
503 3579 595 3609 sunt
612 3572 662 3610 ad
679 3580 805 3611 totum
824 3575 969 3625 singuli
989 3587 1123 3623 corpo-

78 3621 132 3659 ris
160 3623 312 3670 pondus
337 3623 379 3661 in
400 3623 493 3661 locis
511 3624 717 3672 altissimis,
749 3634 794 3664 ut
812 3640 924 3665 arcus
942 3627 1124 3677 cycloidis

80 3673 182 3712 inter
208 3674 291 3713 loca
308 3677 503 3725 proposita
524 3677 579 3723 D,
600 3677 626 3715 d
645 3686 684 3716 et
701 3688 847 3728 puncta
864 3680 1000 3718 infima
1022 3681 1067 3724 C,
1090 3694 1120 3726 c,

79 3726 129 3764 ad
157 3735 255 3765 totas
281 3730 588 3779 semi-cycloides
620 3732 731 3782 (Cor.
758 3733 876 3782 Prop.
901 3734 1002 3771 LII.
1037 3734 1121 3771 Lib.

80 3778 141 3827 I.)
200 3781 308 3830 Ergo
325 3782 357 3819 si
375 3783 680 3833 semi-cycloides
698 3786 774 3823 sint
793 3786 959 3836 aequales
977 3794 1016 3825 et
1042 3786 1127 3825 loca

81 3831 123 3869 D
151 3841 190 3871 et
208 3834 233 3871 d
254 3847 277 3871 a
301 3836 577 3883 perpendiculo
605 3838 803 3888 aequaliter
830 3839 985 3885 distent,
1014 3852 1126 3878 arcus

12 3894 14 3897 ’
81 3883 123 3922 D
146 3886 178 3925 C
197 3894 235 3925 et
253 3886 279 3925 d
297 3900 318 3927 c
337 3896 451 3928 erunt
470 3890 648 3941 aequales,
683 3890 850 3943 ideoque
871 3893 925 3932 vis
944 3892 1022 3944 qua
1041 3905 1125 3932 cor-

1189 2469 1264 2506 pus
1281 2456 1518 2495 acceleratur
1535 2456 1576 2494 in
1596 2455 1722 2506 prima
1741 2457 1915 2507 cycloide
1942 2458 1985 2496 in
2012 2467 2162 2509 puncto
2189 2461 2246 2506 D,

1184 2510 1258 2548 erit
1284 2510 1337 2548 ad
1363 2518 1490 2548 totum
1516 2511 1599 2561 ejus
1625 2511 1795 2560 corporis
1818 2511 1984 2561 pondus,
2012 2521 2059 2551 ut
2086 2513 2142 2552 vis
2168 2513 2248 2564 qua

1183 2576 1324 2612 corpus
1355 2564 1589 2601 acceleratur
1615 2564 1656 2601 in
1684 2564 1805 2601 altera
1825 2565 1998 2614 cycloide
2026 2566 2068 2603 iu
2095 2576 2244 2616 puncto

1185 2616 1224 2663 d,
1254 2616 1304 2655 ad
1322 2624 1450 2654 totum
1470 2617 1554 2666 ejus
1573 2618 1743 2666 corporis
1767 2618 1934 2667 pondus.
1996 2619 2114 2657 Unde
2133 2621 2244 2658 vicis-

1185 2670 1270 2717 sim,
1288 2670 1342 2707 vis
1356 2670 1433 2720 qua
1446 2671 1681 2708 acceleratur
1694 2671 1865 2720 primum
1881 2684 2021 2721 corpus
2039 2672 2080 2709 in
2096 2682 2244 2722 puncto

1187 2724 1242 2768 D,
1263 2731 1320 2762 est
1338 2723 1388 2761 ad
1406 2723 1483 2760 vim
1505 2722 1584 2773 qua
1598 2723 1764 2761 alterum
1783 2724 2017 2762 acceleratur
2034 2726 2076 2763 in
2095 2736 2242 2775 puncto

1184 2776 1222 2819 d,
1252 2785 1297 2815 ut
1316 2784 1441 2814 totum
1460 2776 1597 2826 prioris
1624 2778 1794 2826 corporis
1820 2777 1986 2826 pondus,
2008 2778 2056 2816 ad
2085 2780 2240 2827 pondus

1182 2829 1343 2868 alterius
1357 2830 1538 2878 corporis,
1555 2828 1721 2881 ideoque
1735 2833 1767 2870 si
1778 2834 1952 2880 pendula
1971 2834 2052 2871 sint
2070 2833 2240 2883 ejusdem

1182 2885 1432 2932 longitudinis
1450 2886 1547 2922 vires
1566 2887 1751 2929 matrices,
1774 2885 1842 2922 διε.
1908 2886 1957 2929 Q.
1977 2898 2009 2922 e.
2034 2886 2073 2923 d.

1238 2936 1288 2987 (i)
1326 2940 1427 2976 Cum
1452 2944 1619 2986 tempora
1653 2940 1791 2988 quibus
1828 2952 1985 2987 corpora
2022 2941 2238 2980 describant

1179 2992 1349 3039 singulas
1364 3004 1533 3029 arcuum
1539 2999 1669 3040 partes
1686 2991 1888 3043 (aequales)
1906 2999 2238 3043 correspondentes

1180 3045 1256 3082 sint
1276 3052 1320 3082 ut
1341 3052 1508 3093 tempora
1528 3046 1804 3083 oscillatiouum
1823 3052 2004 3084 totarum.

1234 3100 1255 3120 ²*
1283 3096 1367 3134 Sint
1398 3110 1509 3134 arcus
1540 3097 1580 3134 D
1604 3098 1650 3142 C,
1680 3097 1705 3134 d
1725 3110 1744 3134 c
1765 3097 1943 3148 aequales,
1978 3107 2234 3152 secenturque

1183 3149 1224 3186 in
1254 3158 1379 3199 partes
1408 3149 1575 3200 aequales
1609 3149 1760 3188 infinite
1792 3163 1927 3199 parvas
1963 3152 2005 3190 D
2027 3153 2076 3198 E,
2114 3154 2152 3192 E
2185 3155 2230 3198 F,

1183 3206 1278 3249 &c.;
1300 3203 1327 3240 d
1345 3216 1379 3249 e,
1401 3216 1422 3241 e
1440 3204 1467 3248 f,
1487 3204 1575 3248 &c.‚
1596 3216 1642 3240 ex
1663 3204 1816 3251 punctis
1837 3204 1891 3248 D,
1911 3205 1962 3251 E,
1983 3206 2017 3243 F
2035 3214 2073 3244 et
2091 3207 2130 3252 d,
2147 3221 2180 3253 e,
2202 3209 2231 3254 f,

1183 3255 1377 3295 ducantur
1396 3256 1731 3306 perpendiculares
1749 3256 1799 3294 ad
1817 3270 1942 3303 axem,
1969 3259 2009 3296 D
2031 3259 2092 3306 M,
2117 3261 2154 3298 E
2173 3262 2228 3308 N,

1184 3308 1219 3347 F
1241 3311 1303 3356 R;
1342 3310 1382 3348 D
1401 3323 1455 3353 m,
1485 3322 1506 3347 e
1525 3322 1564 3353 n,
1586 3309 1665 3356 fr;
1700 3310 1819 3360 liquet
1852 3311 2013 3350 lineolas
2047 3314 2096 3351 M
2119 3314 2159 3353 N
2192 3322 2232 3352 et

1180 3374 1220 3399 m
1240 3376 1276 3407 n,
1302 3363 1350 3401 M
1375 3364 1413 3400 R
1442 3371 1480 3400 et
1509 3376 1550 3399 m
1569 3376 1589 3399 r
1607 3376 1653 3400 ex
1688 3364 1887 3413 hypothesi
1919 3365 2003 3403 fore
2035 3367 2227 3417 aequales;

1178 3429 1225 3455 ex
1245 3415 1384 3456 natura
1402 3424 1532 3453 autem
1551 3416 1758 3467 gravitatis,
1786 3417 1968 3455 velocitas
1985 3420 2168 3470 acquisita
2188 3421 2229 3457 in

1180 3469 1218 3507 E
1251 3469 1323 3506 erit
1342 3469 1391 3507 ad
1409 3469 1649 3507 velocitatem
1675 3470 1900 3521 acquisitam
1929 3472 1969 3509 in
1993 3473 2027 3510 F
2047 3482 2090 3510 ut
2118 3474 2243 3513 radix,

1178 3521 1393 3560 altitudinis
1414 3523 1462 3560 M
1481 3523 1521 3559 N
1540 3523 1590 3560 ad
1607 3523 1774 3561 radicem
1799 3525 1846 3562 M
1867 3525 1917 3570 R,
1949 3533 1987 3563 et
2004 3527 2144 3575 pariter
2164 3540 2227 3564 ve-

1179 3575 1312 3613 locitas
1339 3576 1524 3625 acquisita
1541 3576 1581 3612 in
1602 3589 1636 3623 e,
1669 3578 1740 3614 erit
1759 3577 1808 3615 ad
1827 3578 2065 3616 velocitatem
2094 3579 2225 3630 acqui-

1179 3630 1292 3666 sitam
1329 3629 1369 3665 in
1402 3628 1424 3665 f
1446 3637 1491 3665 ut
1525 3632 1577 3680 ς]
1602 3643 1640 3666 m
1661 3643 1688 3667 n
1720 3633 1769 3668 ad
1801 3634 1852 3681 «Ι
1886 3644 1925 3668 m
1945 3645 1973 3675 r,
2008 3645 2098 3669 cum
2131 3645 2225 3683 ergo

1181 3685 1234 3731 ,γ’
1262 3681 1762 3734 MN=4lmnet4l
1790 3686 1835 3722 M
1864 3687 2226 3734 lt=4lmrve-

1183 3735 1316 3772 locitas
1335 3735 1519 3784 acquisita
1537 3736 1576 3772 in
1600 3737 1636 3774 E
1658 3747 1715 3775 est
1733 3737 1783 3775 ad
1802 3738 2043 3776 velocitatem
2062 3738 2225 3788 acquisi-

1179 3788 1318 3825 tamin
1343 3788 1385 3832 F,
1407 3796 1452 3825 ut
1470 3789 1650 3827 velocitas
1664 3791 1849 3841 acquisita
1870 3792 1908 3828 in
1929 3804 1950 3827 e
1978 3800 2033 3830 est
2053 3791 2102 3828 ad
2122 3794 2224 3829 velo-

1180 3841 1335 3878 citatem
1356 3842 1579 3891 acquisitam
1601 3844 1640 3880 in
1662 3845 1688 3889 f,
1719 3853 1757 3881 et
1777 3844 1941 3881 vicissim
1964 3844 2142 3883 velocitas
2161 3859 2224 3883 ac·

1179 3894 1321 3945 quisita
1338 3895 1379 3932 in
1401 3895 1454 3934 E.
1474 3903 1531 3934 est
1548 3896 1599 3935 ad
1613 3896 1854 3936 velocitatem
1872 3897 2099 3944 acquisitam
2117 3898 2165 3937 iu
2177 3914 2225 3946 ες

1101 3963 1189 4003 Ka
