<?xml version="1.0" encoding="UTF-8"?>
<!DOCTYPE html PUBLIC "-//W3C//DTD XHTML 1.0 Transitional//EN"
    "http://www.w3.org/TR/xhtml1/DTD/xhtml1-transitional.dtd">
<html xmlns="http://www.w3.org/1999/xhtml" xml:lang="en" lang="en">
 <head>
  <title>
</title>
<meta http-equiv="Content-Type" content="text/html;charset=utf-8" />
  <meta name='ocr-system' content='tesseract 3.04.00' />
  <meta name='ocr-capabilities' content='ocr_page ocr_carea ocr_par ocr_line ocrx_word'/>
</head>
<body>
  <div class='ocr_page' id='page_1' title='image "./philonatrualprin02newtrich_0064.png"; bbox 0 0 2502 4192; ppageno 0'>
   <div class='ocr_carea' id='block_1_1' title="bbox 255 314 2396 383">
    <p class='ocr_par' dir='ltr' id='par_1_1' title="bbox 255 314 2396 383">
     <span class='ocr_line' id='line_1_1' title="bbox 255 314 2396 383; baseline 0.004 -20"><span class='ocrx_word' id='word_1_1' title='bbox 255 316 325 363; x_wconf 77' lang='lat'><em>52</em></span> <span class='ocrx_word' id='word_1_2' title='bbox 790 314 1358 368; x_wconf 86' lang='lat' dir='ltr'>PHILOSOPHIAE</span> <span class='ocrx_word' id='word_1_3' title='bbox 1398 315 1852 371; x_wconf 87' lang='lat' dir='ltr'>NATURALIS</span> <span class='ocrx_word' id='word_1_4' title='bbox 1945 316 2396 383; x_wconf 78' lang='lat' dir='ltr'>[MoT.CORPoR‚</span> 
     </span>
    </p>
   </div>
   <div class='ocr_carea' id='block_1_2' title="bbox 600 525 1999 584">
    <p class='ocr_par' dir='ltr' id='par_1_2' title="bbox 600 525 1999 584">
     <span class='ocr_line' id='line_1_2' title="bbox 600 525 1999 584; baseline -0.003 0"><span class='ocrx_word' id='word_1_5' title='bbox 600 560 623 584; x_wconf 72' lang='grc' dir='ltr'><strong><em>ο</em></strong></span> <span class='ocrx_word' id='word_1_6' title='bbox 662 525 1136 580; x_wconf 88' lang='lat' dir='ltr'>PROPOSITIO</span> <span class='ocrx_word' id='word_1_7' title='bbox 1188 528 1291 580; x_wconf 90' lang='lat' dir='ltr'><em>IX.</em></span> <span class='ocrx_word' id='word_1_8' title='bbox 1368 526 1823 581; x_wconf 89' lang='lat' dir='ltr'>THEOREMA</span> <span class='ocrx_word' id='word_1_9' title='bbox 1872 528 1999 580; x_wconf 90' lang='lat' dir='ltr'><strong>VII.</strong></span> 
     </span>
    </p>
   </div>
   <div class='ocr_carea' id='block_1_3' title="bbox 246 688 2400 1114">
    <p class='ocr_par' dir='ltr' id='par_1_3' title="bbox 246 688 2400 850">
     <span class='ocr_line' id='line_1_3' title="bbox 246 688 2399 761; baseline 0.001 -20"><span class='ocrx_word' id='word_1_10' title='bbox 246 688 440 743; x_wconf 85' lang='lat' dir='ltr'><em>Positis</em></span> <span class='ocrx_word' id='word_1_11' title='bbox 445 689 562 757; x_wconf 84' lang='lat' dir='ltr'><em>jam</em></span> <span class='ocrx_word' id='word_1_12' title='bbox 587 692 952 755; x_wconf 80' lang='lat' dir='ltr'><em>demonstratis,</em></span> <span class='ocrx_word' id='word_1_13' title='bbox 980 692 1091 744; x_wconf 86' lang='lat' dir='ltr'><em>dico</em></span> <span class='ocrx_word' id='word_1_14' title='bbox 1116 689 1262 761; x_wconf 57' lang='lat' dir='ltr'><em>qued,</em></span> <span class='ocrx_word' id='word_1_15' title='bbox 1300 694 1346 743; x_wconf 88' lang='lat' dir='ltr'><em>si</em></span> <span class='ocrx_word' id='word_1_16' title='bbox 1369 701 1627 761; x_wconf 81' lang='lat' dir='ltr'><em>tangentes</em></span> <span class='ocrx_word' id='word_1_17' title='bbox 1651 693 1941 761; x_wconf 80' lang='lat' dir='ltr'><em>angulorum</em></span> <span class='ocrx_word' id='word_1_18' title='bbox 1966 690 2166 744; x_wconf 83' lang='lat' dir='ltr'><em>sectoris</em></span> <span class='ocrx_word' id='word_1_19' title='bbox 2189 693 2399 743; x_wconf 83' lang='lat' dir='ltr'><em>circula-</em></span> 
     </span>
     <span class='ocr_line' id='line_1_4' title="bbox 317 781 2400 850; baseline 0 -19"><span class='ocrx_word' id='word_1_20' title='bbox 317 782 392 832; x_wconf 84' lang='lat' dir='ltr'><em>ris</em></span> <span class='ocrx_word' id='word_1_21' title='bbox 417 788 465 832; x_wconf 89' lang='lat' dir='ltr'><em>et</em></span> <span class='ocrx_word' id='word_1_22' title='bbox 488 783 691 833; x_wconf 83' lang='lat' dir='ltr'><em>sectoris</em></span> <span class='ocrx_word' id='word_1_23' title='bbox 714 781 1020 850; x_wconf 68' lang='lat' dir='ltr'><em>hyperbolici</em></span> <span class='ocrx_word' id='word_1_24' title='bbox 1044 790 1301 833; x_wconf 79' lang='lat' dir='ltr'><em>sumantur</em></span> <span class='ocrx_word' id='word_1_25' title='bbox 1337 782 1676 833; x_wconf 77' lang='lat' dir='ltr'><em>velocitatibus</em></span> <span class='ocrx_word' id='word_1_26' title='bbox 1700 782 2123 848; x_wconf 75' lang='lat' dir='ltr'><em>proportionale3‚</em></span> <span class='ocrx_word' id='word_1_27' title='bbox 2163 781 2400 833; x_wconf 73' lang='lat' dir='ltr'><em>existente</em></span> 
     </span>
    </p>

    <p class='ocr_par' dir='ltr' id='par_1_4' title="bbox 269 860 2399 1114">
     <span class='ocr_line' id='line_1_5' title="bbox 269 860 2399 938; baseline 0 -18"><span class='ocrx_word' id='word_1_28' title='bbox 269 860 271 862; x_wconf 12' lang='lat' dir='ltr'>V</span> <span class='ocrx_word' id='word_1_29' title='bbox 315 869 466 920; x_wconf 81' lang='lat' dir='ltr'><em>radio</em></span> <span class='ocrx_word' id='word_1_30' title='bbox 473 868 632 937; x_wconf 81' lang='lat' dir='ltr'><em>justae</em></span> <span class='ocrx_word' id='word_1_31' title='bbox 655 871 1019 937; x_wconf 83' lang='lat' dir='ltr'><em>magnitudinis</em></span> <span class='ocrx_word' id='word_1_32' title='bbox 1036 894 1052 920; x_wconf 84' lang='grc'><em>.-</em></span> <span class='ocrx_word' id='word_1_33' title='bbox 1081 872 1179 921; x_wconf 83' lang='lat' dir='ltr'><em>erit</em></span> <span class='ocrx_word' id='word_1_34' title='bbox 1204 879 1389 938; x_wconf 77' lang='lat' dir='ltr'><em>tempus</em></span> <span class='ocrx_word' id='word_1_35' title='bbox 1414 889 1553 921; x_wconf 88' lang='lat' dir='ltr'><em>omne</em></span> <span class='ocrx_word' id='word_1_36' title='bbox 1577 871 1876 922; x_wconf 82' lang='lat' dir='ltr'><em>ascendendi</em></span> <span class='ocrx_word' id='word_1_37' title='bbox 1901 870 1972 919; x_wconf 80' lang='lat' dir='ltr'><em>ad</em></span> <span class='ocrx_word' id='word_1_38' title='bbox 1993 870 2145 919; x_wconf 84' lang='lat' dir='ltr'><em>locum</em></span> <span class='ocrx_word' id='word_1_39' title='bbox 2168 887 2399 920; x_wconf 82' lang='lat' dir='ltr'><em>summum</em></span> 
     </span>
     <span class='ocr_line' id='line_1_6' title="bbox 317 957 2399 1027; baseline 0 -20"><span class='ocrx_word' id='word_1_40' title='bbox 317 966 374 1008; x_wconf 83' lang='lat' dir='ltr'><em>ut</em></span> <span class='ocrx_word' id='word_1_41' title='bbox 397 966 556 1009; x_wconf 81' lang='lat' dir='ltr'><em>sector</em></span> <span class='ocrx_word' id='word_1_42' title='bbox 592 957 782 1021; x_wconf 78' lang='lat' dir='ltr'><em>circuli,</em></span> <span class='ocrx_word' id='word_1_43' title='bbox 824 967 872 1010; x_wconf 88' lang='lat' dir='ltr'><em>et</em></span> <span class='ocrx_word' id='word_1_44' title='bbox 907 967 1093 1026; x_wconf 80' lang='lat' dir='ltr'><em>tempus</em></span> <span class='ocrx_word' id='word_1_45' title='bbox 1128 977 1267 1010; x_wconf 84' lang='lat' dir='ltr'><em>omne</em></span> <span class='ocrx_word' id='word_1_46' title='bbox 1304 960 1627 1011; x_wconf 77' lang='lat' dir='ltr'><em>descendendi</em></span> <span class='ocrx_word' id='word_1_47' title='bbox 1650 977 1685 1010; x_wconf 85' lang='grc' dir='ltr'><em>α</em></span> <span class='ocrx_word' id='word_1_48' title='bbox 1710 961 1814 1010; x_wconf 82' lang='lat' dir='ltr'><em>loco</em></span> <span class='ocrx_word' id='word_1_49' title='bbox 1839 975 2018 1010; x_wconf 81' lang='lat' dir='ltr'><em>summo</em></span> <span class='ocrx_word' id='word_1_50' title='bbox 2040 965 2096 1008; x_wconf 81' lang='lat' dir='ltr'><em>ut</em></span> <span class='ocrx_word' id='word_1_51' title='bbox 2120 965 2275 1009; x_wconf 84' lang='lat' dir='ltr'><em>sector</em></span> <span class='ocrx_word' id='word_1_52' title='bbox 2309 958 2399 1027; x_wconf 66' lang='lat' dir='ltr'><em>hy-</em></span> 
     </span>
     <span class='ocr_line' id='line_1_7' title="bbox 307 1046 546 1114; baseline -0.004 -16"><span class='ocrx_word' id='word_1_53' title='bbox 307 1046 546 1114; x_wconf 75' lang='lat' dir='ltr'><em>perbolae.</em></span> 
     </span>
    </p>
   </div>
   <div class='ocr_carea' id='block_1_4' title="bbox 243 1210 2395 1465">
    <p class='ocr_par' dir='ltr' id='par_1_5' title="bbox 243 1210 2395 1465">
     <span class='ocr_line' id='line_1_8' title="bbox 320 1210 2395 1283; baseline -0 -20"><span class='ocrx_word' id='word_1_54' title='bbox 320 1210 502 1263; x_wconf 87' lang='lat' dir='ltr'><em>Rectae</em></span> <span class='ocrx_word' id='word_1_55' title='bbox 537 1212 589 1262; x_wconf 95' lang='lat' dir='ltr'>A</span> <span class='ocrx_word' id='word_1_56' title='bbox 618 1211 680 1273; x_wconf 86' lang='lat' dir='ltr'><em>C,</em></span> <span class='ocrx_word' id='word_1_57' title='bbox 720 1210 822 1281; x_wconf 60' lang='lat' dir='ltr'><em>qu&amp;</em></span> <span class='ocrx_word' id='word_1_58' title='bbox 860 1211 935 1263; x_wconf 84' lang='lat' dir='ltr'><em>vis</em></span> <span class='ocrx_word' id='word_1_59' title='bbox 973 1212 1238 1283; x_wconf 86' lang='lat' dir='ltr'><em>gravitatis</em></span> <span class='ocrx_word' id='word_1_60' title='bbox 1273 1212 1567 1281; x_wconf 84' lang='lat' dir='ltr'><em>exponitur,</em></span> <span class='ocrx_word' id='word_1_61' title='bbox 1608 1210 2052 1281; x_wconf 81' lang='lat' dir='ltr'><em>perpendicularis</em></span> <span class='ocrx_word' id='word_1_62' title='bbox 2095 1220 2146 1262; x_wconf 93' lang='lat' dir='ltr'><em>et</em></span> <span class='ocrx_word' id='word_1_63' title='bbox 2183 1210 2395 1280; x_wconf 82' lang='lat' dir='ltr'><em>aequalis</em></span> 
     </span>
     <span class='ocr_line' id='line_1_9' title="bbox 243 1301 2394 1372; baseline 0 -20"><span class='ocrx_word' id='word_1_64' title='bbox 243 1301 464 1353; x_wconf 82' lang='lat' dir='ltr'><em>ducatur</em></span> <span class='ocrx_word' id='word_1_65' title='bbox 491 1301 542 1352; x_wconf 96' lang='lat' dir='ltr'><strong>A</strong></span> <span class='ocrx_word' id='word_1_66' title='bbox 567 1301 639 1353; x_wconf 88' lang='lat' dir='ltr'><em>D.</em></span> <span class='ocrx_word' id='word_1_67' title='bbox 718 1302 918 1354; x_wconf 89' lang='lat' dir='ltr'><em>Centro</em></span> <span class='ocrx_word' id='word_1_68' title='bbox 944 1303 1000 1355; x_wconf 94' lang='lat' dir='ltr'>D</span> <span class='ocrx_word' id='word_1_69' title='bbox 1027 1303 1408 1355; x_wconf 83' lang='lat' dir='ltr'><em>semidiametro</em></span> <span class='ocrx_word' id='word_1_70' title='bbox 1437 1304 1484 1355; x_wconf 94' lang='lat' dir='ltr'>A</span> <span class='ocrx_word' id='word_1_71' title='bbox 1503 1303 1557 1355; x_wconf 92' lang='lat' dir='ltr'>D</span> <span class='ocrx_word' id='word_1_72' title='bbox 1585 1302 1906 1355; x_wconf 85' lang='lat' dir='ltr'><em>describatur</em></span> <span class='ocrx_word' id='word_1_73' title='bbox 1930 1312 2041 1354; x_wconf 88' lang='lat' dir='ltr'><em>tum</em></span> <span class='ocrx_word' id='word_1_74' title='bbox 2067 1302 2244 1354; x_wconf 87' lang='lat' dir='ltr'><em>circuli</em></span> <span class='ocrx_word' id='word_1_75' title='bbox 2269 1320 2394 1372; x_wconf 73' lang='lat' dir='ltr'><strong>qua-</strong></span> 
     </span>
     <span class='ocr_line' id='line_1_10' title="bbox 244 1390 2394 1465; baseline 0 -20"><span class='ocrx_word' id='word_1_76' title='bbox 244 1392 401 1445; x_wconf 85' lang='lat' dir='ltr'><em>drans</em></span> <span class='ocrx_word' id='word_1_77' title='bbox 428 1393 479 1445; x_wconf 94' lang='lat' dir='ltr'>A</span> <span class='ocrx_word' id='word_1_78' title='bbox 505 1401 527 1445; x_wconf 90' lang='lat' dir='ltr'><em>t</em></span> <span class='ocrx_word' id='word_1_79' title='bbox 553 1392 630 1457; x_wconf 86' lang='lat' dir='ltr'><em>E3</em></span> <span class='ocrx_word' id='word_1_80' title='bbox 675 1401 786 1444; x_wconf 88' lang='lat' dir='ltr'><em>tum</em></span> <span class='ocrx_word' id='word_1_81' title='bbox 819 1392 1108 1463; x_wconf 83' lang='lat' dir='ltr'>hyperbola</span> <span class='ocrx_word' id='word_1_82' title='bbox 1133 1393 1434 1465; x_wconf 86' lang='lat' dir='ltr'><em>rectangul‘a</em></span> <span class='ocrx_word' id='word_1_83' title='bbox 1460 1394 1510 1445; x_wconf 92' lang='lat' dir='ltr'>A</span> <span class='ocrx_word' id='word_1_84' title='bbox 1542 1393 1593 1445; x_wconf 95' lang='lat' dir='ltr'><strong>V</strong></span> <span class='ocrx_word' id='word_1_85' title='bbox 1620 1394 1663 1446; x_wconf 94' lang='lat' dir='ltr'>Z</span> <span class='ocrx_word' id='word_1_86' title='bbox 1688 1411 1842 1446; x_wconf 82' lang='lat' dir='ltr'><em>axem</em></span> <span class='ocrx_word' id='word_1_87' title='bbox 1864 1392 2061 1445; x_wconf 85' lang='lat' dir='ltr'><em>habens</em></span> <span class='ocrx_word' id='word_1_88' title='bbox 2089 1392 2141 1445; x_wconf 89' lang='lat' dir='ltr'>A</span> <span class='ocrx_word' id='word_1_89' title='bbox 2167 1390 2241 1457; x_wconf 88' lang='lat' dir='ltr'><em>X,</em></span> <span class='ocrx_word' id='word_1_90' title='bbox 2278 1394 2394 1445; x_wconf 74' lang='lat' dir='ltr'><em>ver·-</em></span> 
     </span>
    </p>
   </div>
   <div class='ocr_carea' id='block_1_5' title="bbox 435 1532 2189 2966">
    <p class='ocr_par' dir='ltr' id='par_1_6' title="bbox 435 1532 2189 2966">
     <span class='ocr_line' id='line_1_11' title="bbox 435 1532 2189 2966; baseline 0 0"><span class='ocrx_word' id='word_1_91' title='bbox 435 1532 2189 2966; x_wconf 95' lang='lat' dir='ltr'><em> </em></span> 
     </span>
    </p>
   </div>
   <div class='ocr_carea' id='block_1_6' title="bbox 2122 2942 2173 2986">
    <p class='ocr_par' dir='ltr' id='par_1_7' title="bbox 2122 2942 2173 2986">
     <span class='ocr_line' id='line_1_12' title="bbox 2122 2942 2173 2986; baseline 0 0"><span class='ocrx_word' id='word_1_92' title='bbox 2122 2942 2173 2986; x_wconf 81' lang='lat' dir='ltr'>E</span> 
     </span>
    </p>
   </div>
   <div class='ocr_carea' id='block_1_7' title="bbox 240 3099 2390 3715">
    <p class='ocr_par' dir='ltr' id='par_1_8' title="bbox 240 3099 2383 3437">
     <span class='ocr_line' id='line_1_13' title="bbox 241 3099 2383 3175; baseline -0.001 -16"><span class='ocrx_word' id='word_1_93' title='bbox 241 3108 395 3160; x_wconf 86' lang='lat' dir='ltr'><em>tieem</em></span> <span class='ocrx_word' id='word_1_94' title='bbox 419 3102 758 3175; x_wconf 81' lang='lat' dir='ltr'><em>principalem</em></span> <span class='ocrx_word' id='word_1_95' title='bbox 783 3101 852 3165; x_wconf 84' lang='lat' dir='ltr'><em>A,</em></span> <span class='ocrx_word' id='word_1_96' title='bbox 880 3109 932 3153; x_wconf 88' lang='lat' dir='ltr'><em>et</em></span> <span class='ocrx_word' id='word_1_97' title='bbox 956 3108 1286 3170; x_wconf 83' lang='lat' dir='ltr'><em>asymptoton</em></span> <span class='ocrx_word' id='word_1_98' title='bbox 1323 3099 1379 3152; x_wconf 94' lang='lat' dir='ltr'>D</span> <span class='ocrx_word' id='word_1_99' title='bbox 1408 3100 1470 3152; x_wconf 87' lang='lat' dir='ltr'><em>C.</em></span> <span class='ocrx_word' id='word_1_100' title='bbox 1546 3101 1824 3155; x_wconf 85' lang='lat' dir='ltr'><em>Ducantur</em></span> <span class='ocrx_word' id='word_1_101' title='bbox 1860 3104 1915 3157; x_wconf 94' lang='lat' dir='ltr'>D</span> <span class='ocrx_word' id='word_1_102' title='bbox 1939 3124 1991 3175; x_wconf 87' lang='lat' dir='ltr'><em>p,</em></span> <span class='ocrx_word' id='word_1_103' title='bbox 2021 3106 2076 3159; x_wconf 94' lang='lat' dir='ltr'>D</span> <span class='ocrx_word' id='word_1_104' title='bbox 2103 3108 2165 3172; x_wconf 87' lang='lat' dir='ltr'><em>P,</em></span> <span class='ocrx_word' id='word_1_105' title='bbox 2212 3118 2263 3162; x_wconf 86' lang='lat' dir='ltr'><em>et</em></span> <span class='ocrx_word' id='word_1_106' title='bbox 2287 3110 2383 3162; x_wconf 82' lang='lat' dir='ltr'><em>erit</em></span> 
     </span>
     <span class='ocr_line' id='line_1_14' title="bbox 241 3189 2383 3261; baseline 0 -14"><span class='ocrx_word' id='word_1_107' title='bbox 241 3205 409 3248; x_wconf 85' lang='lat' dir='ltr'><em>sector</em></span> <span class='ocrx_word' id='word_1_108' title='bbox 435 3191 698 3245; x_wconf 84' lang='lat' dir='ltr'><em>circularis</em></span> <span class='ocrx_word' id='word_1_109' title='bbox 719 3191 769 3242; x_wconf 96' lang='lat' dir='ltr'>A</span> <span class='ocrx_word' id='word_1_110' title='bbox 796 3199 818 3242; x_wconf 90' lang='lat' dir='ltr'><em>t</em></span> <span class='ocrx_word' id='word_1_111' title='bbox 842 3189 898 3241; x_wconf 94' lang='lat' dir='ltr'>D</span> <span class='ocrx_word' id='word_1_112' title='bbox 925 3198 983 3240; x_wconf 93' lang='lat' dir='ltr'><em>ut</em></span> <span class='ocrx_word' id='word_1_113' title='bbox 1009 3199 1213 3256; x_wconf 88' lang='lat' dir='ltr'><em>tempus</em></span> <span class='ocrx_word' id='word_1_114' title='bbox 1239 3206 1393 3239; x_wconf 89' lang='lat' dir='ltr'><em>omne</em></span> <span class='ocrx_word' id='word_1_115' title='bbox 1430 3189 1744 3242; x_wconf 84' lang='lat' dir='ltr'><em>ascendendi</em></span> <span class='ocrx_word' id='word_1_116' title='bbox 1779 3191 1847 3243; x_wconf 85' lang='lat' dir='ltr'><em>ad</em></span> <span class='ocrx_word' id='word_1_117' title='bbox 1882 3192 2055 3246; x_wconf 87' lang='lat' dir='ltr'><strong>locum</strong></span> <span class='ocrx_word' id='word_1_118' title='bbox 2097 3214 2383 3261; x_wconf 83' lang='lat' dir='ltr'><strong>summum3</strong></span> 
     </span>
     <span class='ocr_line' id='line_1_15' title="bbox 240 3275 2382 3350; baseline 0.001 -15"><span class='ocrx_word' id='word_1_119' title='bbox 240 3293 293 3336; x_wconf 91' lang='lat' dir='ltr'><em>et</em></span> <span class='ocrx_word' id='word_1_120' title='bbox 318 3291 483 3334; x_wconf 90' lang='lat' dir='ltr'><em>sector</em></span> <span class='ocrx_word' id='word_1_121' title='bbox 507 3277 872 3350; x_wconf 88' lang='lat' dir='ltr'><em>hyperbolicus</em></span> <span class='ocrx_word' id='word_1_122' title='bbox 901 3276 952 3328; x_wconf 94' lang='lat' dir='ltr'>A</span> <span class='ocrx_word' id='word_1_123' title='bbox 980 3275 1031 3328; x_wconf 94' lang='lat' dir='ltr'>T</span> <span class='ocrx_word' id='word_1_124' title='bbox 1056 3276 1112 3330; x_wconf 96' lang='lat' dir='ltr'>D</span> <span class='ocrx_word' id='word_1_125' title='bbox 1138 3284 1198 3326; x_wconf 88' lang='lat' dir='ltr'><em>ut</em></span> <span class='ocrx_word' id='word_1_126' title='bbox 1233 3284 1438 3345; x_wconf 88' lang='lat' dir='ltr'><em>tempus</em></span> <span class='ocrx_word' id='word_1_127' title='bbox 1473 3294 1626 3328; x_wconf 89' lang='lat' dir='ltr'><em>omne</em></span> <span class='ocrx_word' id='word_1_128' title='bbox 1664 3277 2011 3333; x_wconf 88' lang='lat' dir='ltr'><em>descendendi</em></span> <span class='ocrx_word' id='word_1_129' title='bbox 2036 3302 2066 3334; x_wconf 87' lang='lat' dir='ltr'>a</span> <span class='ocrx_word' id='word_1_130' title='bbox 2090 3283 2206 3337; x_wconf 92' lang='lat' dir='ltr'>loco</span> <span class='ocrx_word' id='word_1_131' title='bbox 2243 3303 2382 3338; x_wconf 92' lang='lat' dir='ltr'><em>sum-</em></span> 
     </span>
     <span class='ocr_line' id='line_1_16' title="bbox 241 3366 2090 3437; baseline 0 -12"><span class='ocrx_word' id='word_1_132' title='bbox 241 3393 356 3426; x_wconf 89' lang='lat' dir='ltr'><em>mo:</em></span> <span class='ocrx_word' id='word_1_133' title='bbox 400 3373 456 3424; x_wconf 91' lang='lat' dir='ltr'><em>Si</em></span> <span class='ocrx_word' id='word_1_134' title='bbox 480 3371 638 3423; x_wconf 90' lang='lat' dir='ltr'>modo</span> <span class='ocrx_word' id='word_1_135' title='bbox 664 3379 921 3422; x_wconf 87' lang='lat' dir='ltr'><em>sectorum</em></span> <span class='ocrx_word' id='word_1_136' title='bbox 945 3376 1216 3437; x_wconf 85' lang='lat' dir='ltr'><em>tangentes</em></span> <span class='ocrx_word' id='word_1_137' title='bbox 1245 3366 1296 3418; x_wconf 95' lang='lat' dir='ltr'>A</span> <span class='ocrx_word' id='word_1_138' title='bbox 1321 3383 1374 3434; x_wconf 79' lang='lat' dir='ltr'><em>p,</em></span> <span class='ocrx_word' id='word_1_139' title='bbox 1405 3366 1455 3418; x_wconf 94' lang='lat' dir='ltr'>A</span> <span class='ocrx_word' id='word_1_140' title='bbox 1484 3367 1545 3428; x_wconf 90' lang='lat' dir='ltr'><em>P,</em></span> <span class='ocrx_word' id='word_1_141' title='bbox 1574 3367 1676 3419; x_wconf 90' lang='lat' dir='ltr'><em>sint</em></span> <span class='ocrx_word' id='word_1_142' title='bbox 1700 3378 1758 3420; x_wconf 92' lang='lat' dir='ltr'><em>ut</em></span> <span class='ocrx_word' id='word_1_143' title='bbox 1781 3370 2090 3425; x_wconf 81' lang='lat' dir='ltr'><em>velocitates.</em></span> 
     </span>
    </p>

    <p class='ocr_par' dir='ltr' id='par_1_9' title="bbox 242 3455 2390 3715">
     <span class='ocr_line' id='line_1_17' title="bbox 314 3455 2382 3538; baseline 0.002 -25"><span class='ocrx_word' id='word_1_144' title='bbox 314 3465 429 3516; x_wconf 84' lang='lat' dir='ltr'><em>Cas.</em></span> <span class='ocrx_word' id='word_1_145' title='bbox 473 3469 519 3512; x_wconf 91' lang='lat'><em>1.</em></span> <span class='ocrx_word' id='word_1_146' title='bbox 575 3460 779 3531; x_wconf 85' lang='lat' dir='ltr'>Agatur</span> <span class='ocrx_word' id='word_1_147' title='bbox 822 3458 960 3510; x_wconf 87' lang='lat' dir='ltr'><em>enim</em></span> <span class='ocrx_word' id='word_1_148' title='bbox 1001 3457 1055 3509; x_wconf 95' lang='lat' dir='ltr'>D</span> <span class='ocrx_word' id='word_1_149' title='bbox 1088 3476 1122 3508; x_wconf 89' lang='lat' dir='ltr'>v</span> <span class='ocrx_word' id='word_1_150' title='bbox 1151 3475 1186 3526; x_wconf 95' lang='lat' dir='ltr'>q</span> <span class='ocrx_word' id='word_1_151' title='bbox 1225 3455 1532 3509; x_wconf 86' lang='lat' dir='ltr'><em>abscindens</em></span> <span class='ocrx_word' id='word_1_152' title='bbox 1573 3460 1785 3511; x_wconf 87' lang='lat' dir='ltr'><em>sectoris</em></span> <span class='ocrx_word' id='word_1_153' title='bbox 1826 3461 1878 3513; x_wconf 94' lang='lat' dir='ltr'>A</span> <span class='ocrx_word' id='word_1_154' title='bbox 1906 3461 1960 3516; x_wconf 94' lang='lat' dir='ltr'>D</span> <span class='ocrx_word' id='word_1_155' title='bbox 1986 3473 2008 3515; x_wconf 93' lang='lat' dir='ltr'><em>t</em></span> <span class='ocrx_word' id='word_1_156' title='bbox 2047 3475 2099 3516; x_wconf 90' lang='lat' dir='ltr'><em>et</em></span> <span class='ocrx_word' id='word_1_157' title='bbox 2137 3467 2382 3538; x_wconf 84' lang='lat' dir='ltr'><em>trianguli</em></span> 
     </span>
     <span class='ocr_line' id='line_1_18' title="bbox 243 3547 2382 3621; baseline 0.003 -17"><span class='ocrx_word' id='word_1_158' title='bbox 243 3555 293 3606; x_wconf 90' lang='lat' dir='ltr'>A</span> <span class='ocrx_word' id='word_1_159' title='bbox 321 3553 376 3604; x_wconf 91' lang='lat' dir='ltr'>D</span> <span class='ocrx_word' id='word_1_160' title='bbox 401 3569 437 3621; x_wconf 91' lang='lat' dir='ltr'>p</span> <span class='ocrx_word' id='word_1_161' title='bbox 462 3558 740 3612; x_wconf 85' lang='lat' dir='ltr'><em>momenta,</em></span> <span class='ocrx_word' id='word_1_162' title='bbox 782 3567 872 3600; x_wconf 88' lang='lat' dir='ltr'><em>seu</em></span> <span class='ocrx_word' id='word_1_163' title='bbox 896 3547 1173 3616; x_wconf 84' lang='lat' dir='ltr'><em>particulas</em></span> <span class='ocrx_word' id='word_1_164' title='bbox 1202 3565 1359 3616; x_wconf 81' lang='lat' dir='ltr'><strong>quam</strong></span> <span class='ocrx_word' id='word_1_165' title='bbox 1385 3547 1625 3600; x_wconf 82' lang='lat' dir='ltr'><em>minimas</em></span> <span class='ocrx_word' id='word_1_166' title='bbox 1653 3549 1803 3601; x_wconf 89' lang='lat' dir='ltr'><em>simul</em></span> <span class='ocrx_word' id='word_1_167' title='bbox 1829 3552 2108 3621; x_wconf 87' lang='lat' dir='ltr'><em>descriptas</em></span> <span class='ocrx_word' id='word_1_168' title='bbox 2134 3566 2157 3607; x_wconf 90' lang='lat' dir='ltr'><em>t</em></span> <span class='ocrx_word' id='word_1_169' title='bbox 2180 3556 2236 3608; x_wconf 96' lang='lat' dir='ltr'>D</span> <span class='ocrx_word' id='word_1_170' title='bbox 2261 3576 2293 3609; x_wconf 91' lang='lat' dir='ltr'>v</span> <span class='ocrx_word' id='word_1_171' title='bbox 2330 3568 2382 3612; x_wconf 87' lang='lat' dir='ltr'><em>et</em></span> 
     </span>
     <span class='ocr_line' id='line_1_19' title="bbox 242 3635 2390 3715; baseline 0.002 -22"><span class='ocrx_word' id='word_1_172' title='bbox 242 3661 277 3711; x_wconf 90' lang='lat' dir='ltr'><strong>q</strong></span> <span class='ocrx_word' id='word_1_173' title='bbox 305 3642 360 3693; x_wconf 93' lang='lat' dir='ltr'>D</span> <span class='ocrx_word' id='word_1_174' title='bbox 385 3659 438 3709; x_wconf 87' lang='lat' dir='ltr'><em>p.</em></span> <span class='ocrx_word' id='word_1_175' title='bbox 493 3637 631 3690; x_wconf 89' lang='lat' dir='ltr'><em>Cum</em></span> <span class='ocrx_word' id='word_1_176' title='bbox 654 3636 921 3705; x_wconf 83' lang='lat' dir='ltr'><em>particulae</em></span> <span class='ocrx_word' id='word_1_177' title='bbox 945 3635 1065 3698; x_wconf 85' lang='lat' dir='ltr'>illae,</span> <span class='ocrx_word' id='word_1_178' title='bbox 1094 3635 1161 3686; x_wconf 94' lang='lat' dir='ltr'><em>ob</em></span> <span class='ocrx_word' id='word_1_179' title='bbox 1187 3635 1438 3706; x_wconf 84' lang='lat' dir='ltr'><strong>angulum</strong></span> <span class='ocrx_word' id='word_1_180' title='bbox 1463 3654 1788 3691; x_wconf 89' lang='lat' dir='ltr'><em>communem</em></span> <span class='ocrx_word' id='word_1_181' title='bbox 1805 3640 1877 3704; x_wconf 88' lang='lat' dir='ltr'><em>D,</em></span> <span class='ocrx_word' id='word_1_182' title='bbox 1907 3652 2026 3693; x_wconf 84' lang='lat' dir='ltr'><em>sunt</em></span> <span class='ocrx_word' id='word_1_183' title='bbox 2052 3642 2114 3711; x_wconf 71' lang='lat' dir='ltr'><em>(d)</em></span> <span class='ocrx_word' id='word_1_184' title='bbox 2133 3645 2186 3695; x_wconf 90' lang='lat' dir='ltr'><em>in</em></span> <span class='ocrx_word' id='word_1_185' title='bbox 2211 3645 2390 3715; x_wconf 65' lang='lat' dir='ltr'><em>dupli-v</em></span> 
     </span>
    </p>
   </div>
   <div class='ocr_carea' id='block_1_8' title="bbox 242 3778 2380 3896">
    <p class='ocr_par' dir='ltr' id='par_1_10' title="bbox 242 3778 2380 3896">
     <span class='ocr_line' id='line_1_20' title="bbox 299 3778 2380 3839; baseline 0.003 -19"><span class='ocrx_word' id='word_1_186' title='bbox 299 3783 353 3835; x_wconf 63' lang='grc' dir='ltr'><em>(ό)</em></span> <span class='ocrx_word' id='word_1_187' title='bbox 377 3786 398 3808; x_wconf 75' lang='grc'><strong><em>*</em></strong></span> <span class='ocrx_word' id='word_1_188' title='bbox 421 3785 473 3822; x_wconf 84' lang='lat' dir='ltr'><em>In</em></span> <span class='ocrx_word' id='word_1_189' title='bbox 500 3778 693 3831; x_wconf 60' lang='lat' dir='ltr'><em>duplicat&amp;</em></span> <span class='ocrx_word' id='word_1_190' title='bbox 722 3780 867 3817; x_wconf 78' lang='lat' dir='ltr'><em>ratione</em></span> <span class='ocrx_word' id='word_1_191' title='bbox 893 3781 1067 3839; x_wconf 61' lang='lat' dir='ltr'><em>{aterum-</em></span> <span class='ocrx_word' id='word_1_192' title='bbox 1128 3778 1233 3817; x_wconf 88' lang='lat' dir='ltr'><em>Nam</em></span> <span class='ocrx_word' id='word_1_193' title='bbox 1260 3778 1293 3815; x_wconf 87' lang='lat' dir='ltr'><em>si</em></span> <span class='ocrx_word' id='word_1_194' title='bbox 1345 3778 1416 3839; x_wconf 84' lang='lat' dir='ltr'><em>ipsi</em></span> <span class='ocrx_word' id='word_1_195' title='bbox 1435 3792 1459 3815; x_wconf 90' lang='lat' dir='ltr'>v</span> <span class='ocrx_word' id='word_1_196' title='bbox 1476 3786 1505 3826; x_wconf 85' lang='lat' dir='ltr'><em>t,</em></span> <span class='ocrx_word' id='word_1_197' title='bbox 1525 3779 1604 3819; x_wconf 88' lang='lat' dir='ltr'><em>duo</em></span> <span class='ocrx_word' id='word_1_198' title='bbox 1622 3780 1815 3832; x_wconf 84' lang='lat' dir='ltr'><em>triangula</em></span> <span class='ocrx_word' id='word_1_199' title='bbox 1832 3786 2090 3824; x_wconf 81' lang='lat' dir='ltr'><em>evanescentia</em></span> <span class='ocrx_word' id='word_1_200' title='bbox 2112 3788 2152 3825; x_wconf 93' lang='lat' dir='ltr'>D</span> <span class='ocrx_word' id='word_1_201' title='bbox 2170 3801 2195 3839; x_wconf 94' lang='lat' dir='ltr'><strong>q</strong></span> <span class='ocrx_word' id='word_1_202' title='bbox 2208 3802 2238 3834; x_wconf 89' lang='lat' dir='ltr'><em>r,</em></span> <span class='ocrx_word' id='word_1_203' title='bbox 2262 3790 2303 3828; x_wconf 94' lang='lat' dir='ltr'>D</span> <span class='ocrx_word' id='word_1_204' title='bbox 2321 3803 2343 3828; x_wconf 90' lang='lat' dir='ltr'>v</span> <span class='ocrx_word' id='word_1_205' title='bbox 2363 3795 2380 3826; x_wconf 81' lang='lat' dir='ltr'><em>t</em></span> 
     </span>
     <span class='ocr_line' id='line_1_21' title="bbox 242 3831 2378 3896; baseline 0.004 -22"><span class='ocrx_word' id='word_1_206' title='bbox 242 3849 290 3874; x_wconf 87' lang='lat' dir='ltr'><em>ex</em></span> <span class='ocrx_word' id='word_1_207' title='bbox 313 3844 461 3885; x_wconf 89' lang='lat' dir='ltr'><em>puncto</em></span> <span class='ocrx_word' id='word_1_208' title='bbox 479 3848 504 3887; x_wconf 89' lang='lat' dir='ltr'>q</span> <span class='ocrx_word' id='word_1_209' title='bbox 522 3834 686 3873; x_wconf 85' lang='lat' dir='ltr'><em>ducatur</em></span> <span class='ocrx_word' id='word_1_210' title='bbox 704 3832 754 3870; x_wconf 88' lang='lat' dir='ltr'><em>ad</em></span> <span class='ocrx_word' id='word_1_211' title='bbox 776 3832 815 3870; x_wconf 96' lang='lat' dir='ltr'>D</span> <span class='ocrx_word' id='word_1_212' title='bbox 836 3845 862 3880; x_wconf 89' lang='lat' dir='ltr'>p</span> <span class='ocrx_word' id='word_1_213' title='bbox 881 3831 1023 3870; x_wconf 82' lang='lat' dir='ltr'><em>hneola</em></span> <span class='ocrx_word' id='word_1_214' title='bbox 1040 3844 1065 3882; x_wconf 92' lang='lat' dir='ltr'><strong>q</strong></span> <span class='ocrx_word' id='word_1_215' title='bbox 1078 3844 1097 3869; x_wconf 91' lang='lat' dir='ltr'>r</span> <span class='ocrx_word' id='word_1_216' title='bbox 1114 3831 1294 3880; x_wconf 84' lang='lat' dir='ltr'><em>parallela</em></span> <span class='ocrx_word' id='word_1_217' title='bbox 1347 3832 1486 3871; x_wconf 73' lang='lat' dir='ltr'><em>Similia</em></span> <span class='ocrx_word' id='word_1_218' title='bbox 1503 3841 1596 3872; x_wconf 87' lang='lat' dir='ltr'><em>sunt</em></span> <span class='ocrx_word' id='word_1_219' title='bbox 1613 3842 1651 3874; x_wconf 85' lang='lat' dir='ltr'><em>et</em></span> <span class='ocrx_word' id='word_1_220' title='bbox 1667 3834 1709 3873; x_wconf 91' lang='lat' dir='ltr'><em>in</em></span> <span class='ocrx_word' id='word_1_221' title='bbox 1726 3835 1873 3875; x_wconf 75' lang='lat' dir='ltr'><em>ratione</em></span> <span class='ocrx_word' id='word_1_222' title='bbox 1891 3837 2084 3887; x_wconf 58' lang='lat' dir='ltr'><em>duplicata</em></span> <span class='ocrx_word' id='word_1_223' title='bbox 2102 3840 2266 3880; x_wconf 71' lang='lat' dir='ltr'><em>laterum</em></span> <span class='ocrx_word' id='word_1_224' title='bbox 2296 3844 2336 3882; x_wconf 93' lang='lat' dir='ltr'>D</span> <span class='ocrx_word' id='word_1_225' title='bbox 2353 3857 2378 3896; x_wconf 90' lang='lat' dir='ltr'>q</span> 
     </span>
    </p>
   </div>
  </div>
 </body>
</html>
