2502 4192
239 260 342 305 306
775 249 1340 304 PHILOSOPHIAE
1381 249 1834 305 NATURALIS
1926 252 2104 319 [Mor.
2137 254 2383 307 Conpon.

240 414 442 465 semper
477 396 813 466 quantitatem
850 392 1020 446 motus
1059 393 1290 461 accipiat,
1332 412 1488 463 quam
1514 394 1763 462 imprimit
1786 395 1841 447 in
1864 398 2132 449 materiam
2160 399 2380 453 vorticis.

241 487 365 539 Sine
390 484 479 537 tali
503 483 763 553 principio
790 500 1000 534 necesse
1026 492 1104 534 est
1130 491 1187 533 ut
1209 481 1397 553 globus
1424 492 1476 534 et
1499 482 1707 536 vorticis
1732 494 1905 552 partes
1930 485 2218 551 interiores,
2257 507 2381 558 pro-

235 588 484 649 pagantes
511 593 713 643 semper
737 584 935 625 motum
962 592 1112 625 suum
1139 574 1194 625 in
1220 573 1519 638 exterioreS,
1546 593 1715 645 neque
1732 594 1924 628 novum
1944 577 2166 649 aliquem
2181 590 2381 632 motum

236 670 555 738 recipienteS,
595 666 888 719 tardescant
911 665 1158 733 paulatim
1187 675 1239 717 et
1263 666 1318 719 in
1343 665 1523 717 orbem
1548 666 1633 738 agi
1658 667 1912 720 desinant.

311 762 472 813 Corol.
502 768 549 813 5.
593 759 648 812 Si
672 759 858 830 globus
884 758 1013 810 alter
1036 757 1158 810 huic
1174 758 1365 811 vortici
1390 758 1456 809 ad
1482 768 1675 811 certam
1701 760 1767 811 ab
1793 760 1953 829 ipsius
1979 770 2158 813 centro
2183 762 2379 814 distan-

236 853 358 904 tiam
385 852 655 915 innataret,
700 862 750 903 et
775 851 970 903 interea
1013 850 1150 902 circa
1194 869 1345 902 axem
1387 850 1720 903 inclinatione
1758 851 1937 903 datum
1974 851 2025 904 vi
2058 852 2229 923 aliqua
2255 873 2379 906 con-

237 953 431 995 stanter
456 943 831 1005 revolveretur3
857 942 1011 1012 hujus
1037 953 1181 994 motu
1209 951 1476 1011 raperetur
1500 942 1720 995 fluidum
1746 943 1800 995 in
1820 944 2096 996 vorticem:
2126 953 2176 996 et
2200 945 2375 1013 primo

235 1034 582 1087 revolveretur
618 1035 704 1087 hic
732 1045 915 1088 vortex
939 1053 1103 1087 novus
1130 1044 1181 1087 et
1206 1035 1426 1106 exiguus
1459 1033 1565 1086 una
1601 1053 1719 1086 cum
1763 1035 1923 1106 globo
1960 1035 2097 1087 circa
2140 1046 2376 1088 centrum

237 1125 463 1189 alterius,
494 1138 546 1179 et
572 1127 771 1179 interea
793 1127 945 1180 latius
973 1137 1204 1196 serperet
1228 1127 1389 1196 ipsius
1412 1136 1603 1191 motus,
1645 1137 1696 1179 et
1719 1127 1968 1196 paulatim
1993 1136 2378 1198 propagaretur

234 1215 287 1265 in
312 1215 593 1279 infinitum,
636 1216 704 1268 ad
745 1215 961 1268 modum
999 1216 1209 1269 vorticis
1242 1215 1411 1285 primi.
1490 1216 1561 1268 Et
1600 1215 1780 1268 eadem
1824 1217 2043 1279 ratione,
2084 1216 2185 1287 qua
2223 1216 2376 1286 hujus

236 1304 422 1375 globus
449 1314 716 1373 raperetur
738 1315 883 1357 motu
909 1305 1116 1357 vorticis'
1153 1305 1380 1368 alterius,
1427 1314 1697 1374 raperetur
1741 1305 1895 1357 etiam
1937 1305 2125 1375 globus
2165 1304 2377 1357 alterius

233 1404 378 1446 motu
402 1394 571 1463 hujuS,
619 1395 690 1446 sic
716 1404 774 1447 ut
797 1394 940 1465 globi
966 1394 1076 1446 duo
1102 1393 1241 1446 circa
1275 1393 1642 1445 intermedium
1679 1392 1890 1463 aliquod
1924 1403 2178 1462 punctum
2203 1394 2373 1445 revol-

236 1494 491 1546 verentur,
521 1502 677 1553 seque
702 1493 884 1535 mutuo
911 1483 979 1535 ob
1005 1492 1206 1535 motum
1231 1482 1377 1534 illum
1404 1482 1708 1534 circularem
1733 1481 1990 1553 fugerent,
2031 1483 2131 1534 nisi
2155 1501 2251 1552 per
2274 1483 2379 1534 vim

235 1570 457 1641 aliquam
496 1572 725 1623 cohibiti.
803 1571 991 1624 Postea
1016 1571 1216 1623 sivires
1255 1580 1550 1623 constanter
1585 1571 1868 1639 impressae,
1914 1571 2100 1641 quibus
2143 1571 2287 1641 globi
2323 1572 2380 1623 in

233 1659 457 1711 motibus
484 1661 586 1711 suis
612 1671 958 1728 perseverant,
997 1670 1270 1724 cessarent,
1309 1670 1361 1712 et
1384 1659 1558 1710 omnia
1582 1659 1786 1730 legibus
1823 1659 2137 1712 mechanicis
2162 1662 2377 1730 permit-

234 1758 482 1813 terentur,
510 1750 865 1822 languesceret
890 1750 1139 1819 paulatim
1163 1761 1334 1801 motus
1358 1748 1637 1820 globorum
1682 1748 1773 1817 (ob
1810 1748 2065 1802 rationem
2100 1749 2156 1801 in
2196 1750 2377 1801 Corol.

235 1848 284 1893 3.
312 1850 363 1892 et
386 1848 435 1893 4.
464 1842 794 1913 assignatam)
825 1852 876 1894 et
900 1841 1120 1893 vortices
1144 1840 1354 1893 tandem
1380 1840 1818 1911 conquiescerent.

327 1933 493 1985 Corol.
506 1941 555 1986 6.
616 1934 672 1987 Si
713 1933 857 2004 globi
893 1932 1067 2001 plures
1105 1933 1238 1984 datis
1283 1933 1338 1983 in
1376 1932 1502 1984 locis
1538 1931 1733 1985 circum
1767 1949 1889 1984 axes
1929 1930 2187 2001 positione
2230 1931 2378 1983 datos

233 2019 384 2070 certis
401 2038 518 2071 cum
532 2021 887 2074 velocitatibus
905 2030 1199 2073 constanter
1215 2020 1617 2083 revolverentur,
1644 2019 1831 2072 fierent
1846 2021 2067 2072 vortices
2086 2020 2304 2072 totidem
2320 2020 2375 2071 in

234 2107 490 2160 infinitum
515 2121 801 2182 pergentes.
880 2109 1019 2161 Nam
1045 2110 1187 2180 globi
1214 2109 1401 2180 singuli
1438 2108 1620 2161 eadem
1657 2109 1857 2161 ratione
1895 2108 1996 2179 qua
2023 2128 2158 2161 unus
2191 2109 2376 2180 aliquis

232 2208 433 2249 motum
476 2217 627 2250 suum
662 2210 923 2270 propagat
960 2199 1013 2249 in
1038 2199 1315 2262 infinitum,
1360 2198 1726 2268 propagabunt
1762 2198 1916 2249 etiam
1953 2208 2123 2250 motus
2162 2216 2282 2250 suos
2319 2197 2375 2248 in

232 2285 508 2351 infinitum,
549 2287 679 2339 adeo
705 2298 763 2340 ut
785 2287 933 2339 fluidi
957 2287 1147 2338 infiniti
1171 2306 1292 2356 pars
1331 2305 1656 2357 unaquaeque
1683 2306 1745 2339 eo
1771 2287 1995 2358 agitetur
2019 2297 2167 2338 motu
2193 2287 2281 2357 qui
2307 2305 2376 2339 ex

232 2377 465 2428 omnium
506 2380 782 2450 globorum
823 2379 1107 2432 actionibus
1148 2380 1378 2431 resultat.
1456 2378 1616 2432 Unde
1655 2378 1874 2430 vortices
1914 2396 2022 2430 non
2063 2378 2378 2430 definientur

232 2469 384 2519 certis
409 2467 672 2534 limitibus,
714 2472 804 2524 sed
829 2471 882 2522 in
911 2490 965 2523 se
992 2480 1175 2522 mutuo
1201 2471 1451 2539 paulatim
1477 2479 1755 2521 excurrerit
1770 2489 1784 2531 3
1823 2469 2070 2540 globique
2095 2488 2189 2538 per
2215 2469 2375 2521 actio-

230 2574 322 2607 nes
348 2559 599 2610 vorticum
624 2560 678 2611 in
704 2578 759 2612 se
778 2569 975 2622 mutuo,
1003 2569 1262 2628 perpetuo
1277 2559 1624 2611 movebuntur
1643 2558 1709 2610 de
1728 2558 1854 2610 locis
1872 2558 1992 2622 suis,
2022 2558 2097 2610 uti
2116 2559 2171 2609 in
2191 2558 2375 2609 Corol-

231 2643 360 2696 lario
386 2648 650 2715 superiore
685 2648 979 2716 expositum
1006 2660 1112 2710 est3
1150 2667 1319 2718 neque
1346 2656 1539 2700 certam
1565 2646 1799 2717 quamvis
1818 2647 1952 2698 inter
1978 2665 2033 2698 se
2065 2647 2375 2715 positionem

232 2736 524 2800 servabunt,
553 2737 651 2788 nisi
676 2756 770 2806 per
795 2737 895 2789 vim
924 2738 1147 2807 aliquam
1176 2737 1379 2789 retenti.
1457 2735 1793 2789 Cessantibus
1830 2744 2002 2787 autem
2038 2735 2237 2786 viribus
2276 2734 2375 2785 illis

231 2843 347 2894 quae
373 2826 426 2875 in
450 2825 634 2896 globos
661 2837 955 2878 constanter
980 2827 1246 2895 impressae
1272 2834 1580 2878 conservant
1615 2824 1773 2875 hosce
1809 2833 1997 2886 motu5‚
2044 2823 2261 2874 materia
2297 2822 2366 2873 ob

230 2913 482 2965 rationem
506 2914 560 2965 in
588 2913 878 2966 Corollario
903 2914 1056 2966 tertio
1080 2926 1132 2966 et
1156 2925 1343 2983 quarto
1369 2913 1696 2984 assignatam,
1735 2912 1985 2981 paulatim
2010 2912 2297 2982 requiescet
2322 2922 2373 2964 et

228 3001 283 3051 in
307 3001 525 3053 vortices
551 3002 636 3073 agi
661 3001 873 3054 desinet.

304 3093 468 3145 Corol.
497 3099 545 3148 7.
602 3094 658 3147 Si
699 3093 918 3146 fluidum
955 3093 1179 3146 similare
1216 3093 1486 3146 claudatur
1511 3093 1565 3144 in
1590 3111 1712 3145 vase
1738 3087 2010 3161 sphaeriCO,
2053 3109 2113 3142 ac
2137 3091 2280 3163 globi
2316 3091 2372 3142 in

228 3191 407 3234 centro
432 3184 756 3237 consistentis
789 3184 1033 3236 uniformi
1058 3185 1314 3237 rotatione
1340 3194 1523 3257 agatur
1547 3184 1601 3235 in
1626 3184 1889 3247 vorticem,
1918 3183 2105 3254 globus
2132 3192 2304 3233 autem
2320 3191 2372 3233 et

227 3290 317 3324 vas
342 3272 397 3323 in
433 3276 666 3328 eamdem
693 3288 894 3346 partem
932 3277 1068 3329 circa
1104 3295 1256 3329 axem
1293 3276 1516 3329 eundem
1553 3275 1900 3337 revolvantur,
1942 3274 2144 3342 sintque
2188 3290 2368 3323 eorum

227 3369 462 3430 tempora
486 3364 751 3432 periodica
776 3375 835 3417 ut
860 3366 1111 3435 quadrata
1137 3366 1694 3418 semi-diametrorum:
1723 3373 1895 3432 partes
1920 3362 2068 3414 fluidi
2092 3380 2197 3413 non
2221 3361 2367 3431 prius

225 3454 629 3519 perseverabunt
670 3456 726 3507 in
764 3457 990 3509 motibus
1028 3458 1132 3509 suis
1173 3457 1283 3510 sine
1319 3456 1691 3509 acceleratione
1724 3464 1776 3507 et
1808 3454 2169 3517 retardatione,
2211 3443 2366 3524 quam

229 3539 331 3591 sint
356 3560 538 3594 eorum
563 3548 799 3612 tempora
836 3545 1101 3613 periodica
1127 3555 1186 3598 ut
1211 3545 1463 3615 quadrata
1499 3544 1860 3596 distantiarum
1884 3535 1918 3596 av
1940 3553 2118 3596 centro
2142 3542 2365 3594 vorticis.

231 3631 293 3698 (³)
323 3632 444 3684 Alia
469 3634 613 3685 nulla
637 3633 846 3687 vorticis
873 3636 1170 3689 constitutio
1195 3646 1366 3706 potest
1391 3655 1503 3688 esse
1526 3654 1850 3705 permanens.

281 3772 338 3824 (²)
362 3777 383 3798 *
407 3776 497 3814 Alia
516 3778 626 3815 nulla
645 3778 793 3815 vorticis
820 3780 1035 3817 constitutio
1056 3786 1179 3828 potest
1195 3791 1274 3817 esse
1328 3776 1481 3816 vorticis
1493 3776 1729 3822 constitutio,
1758 3783 1803 3814 ut
1819 3789 1907 3826 pars
1922 3775 2102 3826 quaelibet
2120 3774 2229 3813 fluidi
2247 3773 2366 3824 possit

222 3838 468 3876 permanens.
529 3829 571 3867 N
573 3842 635 3867 am
657 3833 671 3882 ζ
677 3842 723 3868 ex
742 3829 978 3882 demonstr.)
997 3843 1044 3870 ea
1061 3831 1174 3870 debet
1192 3843 1275 3870 esse
1326 3830 1370 3869 in
1387 3842 1460 3870 suo
1475 3836 1587 3869 motu
1597 3829 1840 3870 uniformiter
1849 3841 2099 3880 perseverare,
2120 3837 2158 3867 et
2175 3836 2220 3867 ut
2230 3827 2364 3867 attritu
