2502 4192
211 260 310 304 134
748 254 1318 308 PHILOSOPHIAE
1358 255 1812 312 NATURALIS
1900 261 2366 324 [Mo⁷1·.CoRPou.

205 392 353 443 vacui
379 410 444 444 ex
472 391 553 444 his
581 392 889 461 dependeat,
932 403 990 445 ut
1018 396 1373 463 experimenta
1398 415 1517 448 cum
1542 397 1712 467 globis
1738 408 1790 450 et
1812 399 2049 468 pluribus
2077 413 2128 452 et
2152 402 2360 470 majori-

205 483 303 534 bus
338 492 389 534 et
427 483 590 554 magis
635 483 887 534 accuratis
931 493 1269 536 tentarentur.
1349 485 1404 538 Si
1438 485 1581 556 globi
1617 498 1888 539 sumantur
1926 489 1980 539 in
2022 490 2359 558 proportione

203 571 535 642 geometrica,
580 570 707 640 puta
745 589 967 641 quorum
1006 571 1244 624 diametri
1282 574 1384 625 sint
1421 575 1702 645 digitorum
1729 584 1779 639 4,
1810 586 1859 639 8,
1894 585 1975 642 16,
2005 586 2072 631 32
2088 598 2102 641 3
2148 598 2214 630 ex
2236 598 2358 648 pro-

203 662 468 733 gressione
493 661 970 729 experimentorum
997 661 1270 733 colligetur
1295 664 1421 733 quid
1445 664 1499 715 in
1524 664 1692 735 globis
1719 665 1888 718 adhuc
1926 669 2206 737 majoribus
2241 685 2357 720 eve-

204 752 316 803 nire
342 751 544 802 debeat.
1667 806 1670 813 ,

273 842 392 894 Jam
415 839 538 892 vero
565 838 879 891 conferendo
905 840 1220 892 resistentIas
1247 841 1570 893 diversorum
1592 842 1874 895 fluidorum
1899 843 2034 895 inter
2060 863 2132 908 se,
2160 846 2352 897 tentavi

204 933 484 1002 sequentia.
562 933 757 983 Arcam
783 931 1008 1002 ligneam
1033 933 1211 1000 paravi
1235 933 1559 1004 longitudine
1583 934 1780 1002 pedum
1806 944 2045 1004 quatuor,
2084 935 2355 988 latitudine

203 1032 253 1073 et
278 1021 546 1072 altitudine
571 1020 719 1088 pedis
746 1020 913 1071 unius.
991 1021 1151 1072 Hanc
1177 1022 1424 1090 operculo
1450 1022 1699 1074 nudatam
1723 1023 1934 1091 implevi
1961 1023 2093 1093 aqua
2119 1024 2350 1091 fontana,

2223 1114 2354 1166 Glo-

203 1204 300 1254 bus
345 1214 515 1254 autem
561 1203 835 1271 plumbeus
875 1201 1108 1270 pondere
1156 1204 1292 1267 166&
1335 1202 1620 1265 unciarum,
1664 1203 1916 1254 diametro
1962 1204 2027 1268 3}
2074 1204 2355 1274 digitorum

204 1294 505 1345 movebatur
529 1303 587 1343 ut
611 1292 666 1342 in
692 1290 868 1342 tabula
896 1301 1143 1360 sequente
1169 1292 1556 1360 descripsimus,
1586 1292 1840 1344 existente
1866 1292 2106 1343 videlicet
2130 1293 2355 1363 longitu-
2422 1285 2425 1287 ’

199 1382 322 1434 dine
347 1381 563 1450 penduli
588 1399 619 1431 a
643 1390 839 1449 puncto
866 1380 1217 1448 suspensionis
1256 1380 1320 1431 ad
1359 1389 1611 1450 punctum
1637 1381 1901 1450 quoddam
1927 1381 1981 1431 in
2006 1381 2095 1432 filo
2122 1391 2356 1434 notatum

200 1112 399 1181 fecique
425 1121 483 1162 ut
506 1111 747 1161 immersa
772 1109 1002 1179 pendula
1026 1111 1081 1161 in
1105 1110 1278 1161 medio
1303 1128 1451 1180 aquae
1477 1111 1759 1163 oscillando
1795 1111 2144 1164 moverentur.

206 1479 304 1525 126
332 1472 630 1544 digitorum,
660 1471 727 1523 ad
754 1470 1086 1522 oscillationis
1112 1481 1287 1523 autem
1313 1481 1549 1523 centrum
1579 1476 1712 1544 1‹34{³³“
1739 1472 2035 1542 digitorum.

201 1618 361 1668 Arcus
387 1619 614 1668 descensu
641 1617 814 1682 primo
838 1633 871 1664 a
886 1624 1077 1682 puncto
1104 1618 1158 1666 in
1173 1617 1279 1682 filo

271 1715 443 1757 notato
469 1707 758 1772 descriptus,
789 1706 1063 1773 digitorum

201 1795 362 1846 Arcus
385 1813 587 1846 ascensu
621 1795 794 1846 ultimo
819 1795 1108 1862 descriptus,
1150 1795 1282 1862 digi-

1294 1617 2356 1756 }643216842152³;

1297 1794 1425 1935 }48
1502 1837 1568 1879 24
1651 1836 1714 1879 12
1792 1836 1823 1880 6
1904 1829 2353 1897 31ὲὲ>ἒῑ5ὂ

272 1895 432 1937 torum

201 1974 417 2025 Arcuum
443 1972 732 2043 dfferentia
771 1974 926 2023 motui
950 1975 1129 2025 amisso
1157 1991 1283 2040 pro-

262 2063 587 2131 portionalis,
617 2063 888 2130 digitorum

201 2153 448 2203 Numerus
473 2152 839 2202 oscillationum
864 2151 919 2201 in
946 2169 1080 2219 aqua

1299 1973 2244 2113 }168421{;1s-ss

1608 2151 1675 2223 {5²3
1792 2158 1854 2201 11-
1905 2159 1935 2203 3
1978 2150 2113 2213 7112}

1651 2219 1658 2223 .
1817 2194 1845 2222 ’5

203 2245 449 2297 Numerus
475 2247 842 2297 oscillationum
868 2247 923 2296 z'n
949 2249 1067 2296 ae're
1357 2248 1457 2311 853e
1512 2251 1616 2300 287
1676 2251 1777 2297 535

275 2389 338 2440 In
366 2389 721 2457 experimento
748 2388 1005 2440 columnae
1032 2397 1247 2458 quartae,
1286 2398 1459 2439 motus
1486 2387 1711 2457 aequales
1738 2385 2141 2438 oscillationibus
2170 2390 2272 2437 535
2301 2383 2355 2433 in

202 2482 335 2541 a'e're,
365 2490 416 2531 et
446 2483 508 2548 15¹:
534 2481 586 2530 in
613 2479 746 2550 aqua
774 2480 947 2531 amissi
973 2489 1108 2531 sunt.
1190 2479 1357 2530 Erant
1382 2479 1588 2547 quidem
1617 2477 1960 2529 oscillationes
1986 2476 2040 2526 in
2065 2478 2183 2526 ae're
2198 2473 2358 2542 paulo

978 2570 1052 2620 At
1078 2569 1121 2620 si
1146 2568 1489 2620 oscillationes
1515 2569 1570 2618 in
1595 2567 1728 2638 aqua
1755 2568 1810 2618 in
1836 2566 1896 2619 ea
1923 2566 2122 2618 ratione
2159 2564 2355 2616 accele-

202 2668 441 2708 rarentur
484 2668 542 2710 ut
580 2667 751 2709 motus
792 2658 1142 2726 pendulorum
1186 2658 1241 2708 in
1283 2658 1459 2710 medio
1498 2668 1720 2727 utroque
1763 2658 1948 2709 fierent
1995 2655 2352 2726 aequiveloces,

203 2757 435 2798 maneret
458 2765 705 2799 numerus
730 2747 870 2799 idem
894 2747 1272 2799 oscillationum
1303 2750 1366 2815 l}
1390 2748 1445 2798 in
1471 2746 1620 2817 aqua,
1650 2746 1837 2817 quibus
1865 2745 1929 2816 (¹¹)
1951 2756 2120 2797 motus
2136 2745 2275 2796 idem
2294 2763 2355 2795 ac

202 2568 471 2620 celeriores
491 2568 648 2637 quam
672 2570 727 2620 in
752 2568 901 2639 aqua.

205 2909 350 2960 trifuga
380 2909 627 2947 infinitesima
659 2910 719 2953 sit,
750 2910 782 2947 si
810 2923 901 2947 cum
933 2911 971 2947 vi
1003 2909 1083 2960 qua
1114 2922 1254 2959 corpus
1307 2923 1398 2948 vero
1415 2921 1509 2957 non,
1543 2910 1597 2948 ita
1615 2916 1660 2948 ut
1678 2909 1853 2960 quamvis
1878 2911 1927 2947 ab
1953 2915 2176 2947 occurrente
2193 2907 2354 2946 materia

205 2963 371 3011 spatium
389 2963 547 3001 finitum
565 2970 737 3012 tempore
754 2962 909 3015 infinito
936 2963 1126 3010 describit,
1155 2975 1249 3001 con·
1311 2963 1566 3009 dimoveatur,
1605 2963 1702 3000 nihil
1731 2963 1841 3000 tollat
1872 2962 1922 3001 de
1948 2962 2033 3013 ejus
2060 2970 2170 2999 motu
2183 2976 2195 3008 ;
2234 2961 2354 2999 simul

205 3015 360 3053 feratur.
1308 3026 1442 3054 autem
1460 3016 1641 3054 statuitur
1659 3015 1820 3066 quodid
1838 3017 1957 3053 aether
1974 3027 2178 3064 corporum
2199 3021 2353 3052 motum

261 3072 281 3093 ³*
306 3069 363 3106 Et
379 3068 537 3119 quidem
557 3069 769 3107 resistentia
796 3081 843 3107 ex
871 3071 1057 3121 gravitate
1079 3069 1250 3108 materiae

206 3122 439 3160 occurrentis
458 3135 536 3160 non
556 3124 709 3170 pendet,
740 3122 808 3160 sed
825 3136 872 3161 ex
892 3124 976 3174 ejus
993 3121 1144 3169 inertia,
1174 3122 1252 3173 qua

206 3175 251 3212 fit
284 3182 325 3211 ut
357 3175 513 3213 nullum
544 3188 683 3224 corpus
709 3178 758 3213 ab
784 3176 861 3214 alio
888 3184 1041 3214 motum
1072 3176 1254 3225 suscipiat

206 3228 299 3277 quin
337 3228 580 3266 tantumdem
609 3236 738 3266 motus
766 3228 808 3266 in
841 3242 889 3267 eo
924 3229 1105 3273 destruat,
1137 3229 1256 3279 idque

206 3280 421 3318 mechanici
449 3281 708 3319 communiter
735 3288 912 3320 statuunt
929 3290 1009 3320 tam
1028 3295 1075 3319 ex
1094 3294 1255 3320 consen-

208 3346 252 3371 su
272 3333 448 3371 omnium
460 3346 797 3385 quorumcumque
808 3336 1168 3384 phaenomenorum,
1185 3335 1254 3373 ubi

210 3385 376 3437 (semota
393 3386 589 3437 gravitatis
615 3388 935 3438 consideratione)
965 3389 1099 3427 nullus
1126 3397 1256 3426 motus

208 3447 359 3477 motum
391 3439 640 3488 producendo
667 3453 747 3479 non
773 3442 1026 3487 consumitur,
1060 3453 1180 3492 quam
1207 3454 1255 3479 ex

207 3492 403 3542 principiis
421 3493 692 3542 metaphysicis
709 3493 789 3545 qua
806 3494 928 3545 liquet
945 3495 1050 3545 quod
1068 3496 1100 3532 si
1117 3508 1178 3533 res
1205 3495 1258 3532 ita

208 3558 248 3583 se
276 3558 357 3584 non
383 3547 553 3591 haberet,
589 3544 650 3583 vel
681 3546 867 3585 minimus
898 3556 1027 3586 motus
1054 3548 1255 3586 infinitum

207 3607 360 3637 motum
390 3598 632 3648 produceret,
663 3606 821 3649 totaque
853 3600 1022 3638 universi
1054 3601 1176 3639 moles
1208 3612 1255 3638 ex

207 3653 325 3689 atomi
340 3651 605 3703 progressione
615 3650 886 3699 dimoveretur‚
907 3653 1012 3704 quod
1026 3654 1252 3692 absurdum.

210 3704 328 3743 Unde
346 3706 378 3743 si
397 3706 516 3744 aether
542 3717 622 3742 non
651 3704 853 3751 resisteret,
883 3707 957 3744 hoc
976 3715 1033 3745 est
1051 3709 1087 3744 vi
1106 3707 1255 3744 inertiae

207 3765 360 3803 careret,
390 3757 586 3810 fingendae
614 3757 744 3797 forent
775 3757 864 3796 duae
894 3760 1065 3797 materiae
1098 3761 1254 3810 speeies,

205 3821 372 3861 quarum
403 3812 523 3852 altera
555 3811 593 3851 vi
624 3811 777 3851 inertiae
809 3811 969 3862 praedita
994 3813 1105 3859 foret,
1141 3813 1258 3853 altera

1304 3070 1433 3108 sistere
1450 3076 1576 3119 potest
1592 3076 1661 3107 aut
1676 3077 1828 3107 mutare
1853 3068 2229 3119 quomodocumque,
2257 3079 2350 3105 nam

1305 3123 1339 3161 si
1358 3124 1477 3161 aether
1495 3123 1544 3160 sit
1562 3122 1757 3173 gravitatis
1783 3135 1899 3160 causa
1925 3128 2075 3171 oportet
2099 3128 2145 3158 ut
2175 3119 2244 3157 illa
2269 3120 2353 3168 ipsa

1307 3176 1466 3214 materia
1485 3178 1649 3213 aetherea
1666 3188 1753 3225 quae
1772 3174 1940 3223 corporis
1966 3173 2062 3211 moti
2087 3173 2237 3211 actione
2264 3185 2350 3210 mo-

1310 3237 1434 3276 vetur,
1455 3228 1551 3267 dum
1570 3237 1700 3266 tamen
1719 3228 1815 3265 nihil
1826 3228 2032 3278 quicquam
2050 3225 2099 3264 de
2118 3226 2222 3264 illius
2239 3233 2352 3263 motu

1309 3282 1422 3329 tollit,
1451 3282 1570 3331 possit
1588 3281 1685 3319 illud
1705 3281 1808 3319 idem
1828 3293 1966 3330 corpus
1984 3280 2016 3317 si
2034 3292 2188 3317 sursum
2205 3279 2352 3316 feratur

1309 3336 1453 3380 sistere,
1485 3335 1528 3372 in
1556 3334 1760 3373 adversum
1792 3334 1876 3385 ejus
1905 3333 2155 3371 directionem
2186 3339 2348 3376 mutare,

1309 3390 1379 3427 ἃς.
1430 3390 1533 3433 Quae
1550 3386 1807 3438 metaphysice
1825 3387 1941 3425 etiam
1958 3387 2060 3424 inter
2077 3398 2117 3423 se
2136 3396 2350 3435 repugnare

1309 3442 1501 3487 videntur,
1523 3453 1593 3478 nec
1611 3441 1701 3478 satis
1712 3441 1831 3479 fuisse
1850 3453 2035 3489 perpensa
2052 3440 2102 3477 ab
2119 3437 2350 3489 ingeniosis«-

1310 3494 1416 3532 simis
1438 3490 1722 3533 Cartesianismi
1742 3492 2068 3531 restauratoribus.

1364 3547 1425 3598 (¹¹)
1449 3551 1469 3572 *
1492 3550 1622 3586 Motus
1640 3550 1739 3585 idem
1757 3561 1803 3585 ac
1814 3548 1928 3597 prius
1946 3548 2195 3585 amitteretur.
2256 3542 2349 3581 Dif-

1309 3601 1472 3638 ferentia
1490 3612 1652 3639 arcuum
1672 3600 1797 3637 motui
1816 3598 1958 3637 amisso
1974 3596 2279 3650 prpportionalis,
2293 3603 2350 3634 est

1309 3661 1356 3691 ut
1374 3654 1587 3691 resistentia
1604 3660 1643 3691 et
1660 3652 1891 3703 quadratum
1910 3651 2091 3700 temporis
2108 3649 2348 3701 conjunctim

1312 3708 1398 3758 (per
1432 3708 1519 3745 Cor.
1544 3710 1581 3745 5.
1614 3706 1726 3747 Lem.
1761 3705 1840 3754 X.)
1856 3718 1869 3752 ;
1902 3704 1969 3742 sed
2000 3711 2112 3742 aucta
2142 3702 2349 3752 paululum

1310 3760 1525 3804 velocitate,
1557 3758 1770 3797 resistentia
1799 3756 2090 3808 quamproxime
2117 3763 2282 3807 augetur
2306 3754 2349 3792 in

1312 3813 1397 3864 ejus
1415 3813 1563 3852 ratione
1581 3809 1778 3862 duplicata
1798 3815 1884 3863 (per
1904 3809 2036 3860 Hyp.)
2066 3817 2104 3848 et
2121 3808 2235 3848 simul
2254 3821 2350 3860 qua·
