2502 4192
242 267 348 315 232
783 259 1353 316 PHILOSOPHIAE
1388 257 1843 315 NATURALIS
1929 260 2116 327 [Mor.
2137 259 2387 315 Conrou.

243 400 351 454 fere
376 401 574 454 ratione
600 401 701 472 qua
728 401 975 454 effluxum
999 421 1148 471 aquae
1175 420 1203 453 e
1227 418 1346 453 vase
1371 400 1626 463 diminuit,
1653 399 1710 452 id
1734 403 1812 453 est
1834 401 1890 452 in
1908 402 2108 453 ratione
2125 400 2385 471 duplicata

245 499 312 546 25
340 493 407 547 ad
434 501 495 546 21
529 494 747 546 circiter.
824 494 894 545 Et
919 492 1375 563 quemadmodum,
1402 492 1457 542 in
1485 491 1861 560 Propositionis
1884 492 2022 545 illius
2048 512 2169 545 casu
2196 495 2383 562 primO,

244 582 508 634 effecimus
545 594 604 634 ut
639 592 812 651 partes
847 598 996 651 aquae
1032 580 1528 649 perpendiculariter
1560 590 1612 632 et
1653 579 1878 631 maxima
1922 581 2068 649 copia
2111 582 2389 633 transirent

244 689 339 740 per
363 671 594 723 foramen
622 672 670 722 E
699 670 758 733 F,
799 669 1044 739 ponendo
1082 670 1222 740 quod
1252 688 1387 739 aqua
1424 668 1591 720 omnis
1617 668 1672 719 in
1697 686 1817 719 vase
1844 686 1959 738 quae
1983 669 2039 720 in
2063 669 2280 722 circuitu
2305 687 2388 721 ca-

245 771 455 814 taractae
481 761 750 832 congelata
772 760 957 825 fuerat,
986 770 1038 812 et
1063 762 1206 830 cujus
1232 770 1404 812 motus
1430 760 1671 830 obliquus
1697 770 1808 812 erat
1832 770 1883 811 et
1907 760 2118 825 inutilis,
2156 770 2390 813 maneret

245 853 356 904 sine
393 861 567 903 motu:
622 851 694 903 sic
736 851 793 901 in
835 849 935 901 hac
981 850 1361 919 Propositione,
1405 859 1463 901 ut
1502 850 1778 919 obliquitas
1817 859 2052 900 motuum
2090 850 2299 902 tollatur
2338 859 2389 902 et

243 952 417 1012 partes
461 960 609 1011 aquae
648 950 795 992 motu
843 939 1070 992 maxime
1120 940 1318 992 directo
1361 949 1413 991 et
1452 938 1754 991 brevissimo
1804 938 2042 989 cedentes
2091 937 2389 989 facillimum

242 1030 511 1100 praebeant
550 1030 823 1080 transitum
863 1029 1115 1099 cylindro,
1158 1039 1210 1081 et
1252 1028 1364 1081 sola
1398 1037 1606 1079 maneat
1647 1027 1952 1090 resistentia,
2005 1045 2123 1097 quae
2159 1027 2323 1078 oritu'r
2359 1046 2391 1078 a

245 1120 604 1193 magnitudine
643 1120 884 1171 sectionis
922 1130 1243 1184 transversae,
1287 1139 1507 1190 quaeque
1543 1119 1761 1170 diminui
1792 1137 1899 1170 non
1923 1128 2093 1187 potest
2116 1118 2216 1169 nisi
2242 1117 2391 1169 dimi-

244 1213 455 1265 nuendo
481 1213 791 1264 diametrum
817 1212 1054 1282 cylindri,
1083 1211 1480 1281 concipiendum
1506 1221 1584 1263 est
1608 1211 1750 1281 quod
1773 1195 1943 1280 partes
1968 1209 2132 1273 fluidi,
2172 1227 2391 1279 quarum

245 1313 416 1354 motus
443 1312 563 1354 sunt
587 1302 785 1372 obliqui
811 1311 862 1353 et
886 1301 1092 1353 inutiles
1119 1311 1172 1353 et
1195 1300 1539 1353 resistentiam
1565 1309 1757 1363 creant,
1797 1299 2062 1369 quiescant
2085 1299 2221 1350 inter
2246 1317 2301 1350 se
2325 1298 2392 1350 ad

245 1402 523 1460 utrumque
548 1390 769 1461 cylindri
794 1389 1091 1453 terminum,
1133 1400 1184 1442 et
1209 1390 1473 1441 cohaerant
1511 1389 1576 1458 (P)
1605 1398 1657 1441 et
1681 1388 1918 1459 cylindro
1935 1390 2238 1460 jungantur.
2315 1388 2393 1441 Sit

246 1481 298 1531 A
326 1481 372 1531 B
401 1480 446 1531 C
473 1481 528 1532 D
572 1479 949 1550 rectangulum,
993 1488 1045 1531 et
1081 1479 1184 1530 sint
1221 1479 1273 1530 A
1300 1478 1348 1530 E
1380 1487 1432 1530 et
1470 1478 1518 1530 B
1546 1478 1595 1530 E
1638 1496 1786 1529 arcus
1830 1477 1935 1529 duo
1978 1476 2260 1546 parabolici
2296 1495 2394 1528 axe

247 1572 299 1624 A
326 1572 373 1623 B
411 1571 674 1640 descripti,
714 1571 875 1623 latere
913 1580 1087 1623 autem
1123 1579 1267 1623 recto
1293 1570 1434 1641 quod
1471 1569 1536 1621 sit
1560 1570 1626 1621 ad
1652 1570 1873 1639 spatium
1902 1570 1962 1621 H
1990 1570 2058 1633 G,
2100 1569 2393 1620 describen-

247 1660 374 1711 dum
399 1679 431 1710 a
456 1660 690 1729 cylindro
718 1660 935 1711 cadente
954 1659 1080 1710 dum
1104 1659 1427 1711 velocitatem
1448 1677 1592 1709 suam
1620 1659 1851 1728 acquirit,
1881 1669 1939 1710 ut
1966 1658 2026 1710 H
2050 1659 2103 1711 G
2121 1659 2187 1709 ad
2204 1662 2235 1725 ᾗ
2259 1659 2310 1709 Α
2329 1658 2391 1710 Β.

251 1751 367 1803 Sint
391 1750 545 1801 etiam
574 1751 619 1802 C
649 1750 693 1802 F
717 1734 769 1801 e⁴t
795 1751 850 1802 Ι)
880 1750 924 1802 F
951 1768 1101 1802 arcus
1128 1750 1215 1802 alii
1240 1751 1345 1802 duo
1369 1749 1670 1819 parabolici,
1699 1768 1798 1801 axe
1826 1749 1872 1801 C
1899 1749 1954 1801 D
1979 1759 2032 1801 et
2054 1750 2215 1801 latere
2250 1748 2392 1801 recto

249 1839 390 1909 quod
417 1839 482 1890 sit
505 1838 693 1907 prioris
719 1838 895 1890 lateris
921 1839 1049 1891 recti
1075 1839 1425 1909 quadruplum
1450 1838 1698 1906 descripti
1712 1857 1727 1899 3
1755 1847 1808 1889 et
1826 1839 2189 1890 convolutione
2209 1839 2393 1910 figurae

248 1928 445 1979 circum
488 1945 641 1978 axem
682 1926 730 1978 E
771 1926 816 1979 F
853 1937 1133 1997 generetur
1175 1928 1399 1980 solidum
1443 1928 1588 1997 cujus
1629 1926 1802 1978 media
1842 1946 1964 1996 pars
2003 1929 2055 1980 A
2082 1929 2128 1980 B
2156 1929 2212 1981 D
2241 1929 2286 1982 C
2330 1929 2394 1981 sit

304 2105 363 2157 (Ρ)
386 2107 408 2144 ἦ*
435 2105 485 2145 Et
506 2103 677 2154 cylindro
684 2100 928 2150 jungantur.
989 2101 1048 2139 Ut
1066 2113 1174 2139 num.
1201 2104 1292 2141 277.
1353 2132 1390 2172 P
1412 2133 1448 2172 Τ
1470 2132 1542 2171 Rl
1567 2139 1582 2171 t
1711 2138 1727 2170 t
1818 2100 1857 2139 G
1880 2101 1919 2139 R
1939 2101 1959 2125 ²
2068 2104 2092 2138 4
2117 2101 2154 2139 G
2172 2101 2249 2139 H2

249 2161 340 2197 278.
365 2158 515 2195 factum
534 2162 603 2200 est,
634 2154 701 2191 ubi
721 2153 866 2190 circulo
888 2153 924 2190 P
946 2154 988 2198 Q
1003 2154 1044 2191 in
1062 2167 1179 2204 quem
1198 2167 1298 2205 aqua
1542 2146 1566 2171 a
1583 2145 1630 2170 ¹¹⁵²
1647 2144 1709 2171 ηε
1728 2145 1796 2171 um
1845 2167 1879 2205 P
1900 2167 1938 2204 G
1979 2145 2049 2171 ⁵0¹1
2109 2164 2145 2202 P
2168 2166 2206 2203 G

249 2211 437 2249 influebat
474 2222 564 2247 cum
594 2204 641 2244 ea
671 2206 871 2243 velocitate
899 2219 1016 2256 quam
1054 2207 1226 2245 cadendo
1260 2215 1299 2246 et
1356 2220 1395 2258 G
1417 2220 1461 2257 H
1480 2221 1499 2243 2

248 2277 343 2303 casu
371 2276 442 2301 suo
470 2259 719 2300 describendo
738 2258 986 2297 altitudinem
1008 2260 1052 2297 H
1078 2261 1115 2298 G
1134 2261 1297 2311 acqulrit
1380 2286 1415 2324 P
1438 2286 1476 2324 G
1500 2278 1512 2298 2
1532 2250 1795 2303 quadruplum
1824 2252 1910 2303 (per
1930 2251 2070 2290 Theor-
2097 2249 2132 2288 I·
2156 2250 2205 2289 de
2223 2251 2390 2302 parab.)-

250 2325 290 2355 et
318 2317 458 2354 deinde
487 2316 711 2352 movebatur
748 2312 994 2350 uniformiter
1024 2313 1174 2364 junctae
1206 2322 1297 2352 sunt

249 2370 389 2420 glaciei
419 2370 611 2407 columnae
648 2366 737 2404 duae
768 2365 996 2414 parabolicae
1036 2367 1071 2404 P
1101 2367 1146 2404 H
1185 2368 1224 2411 Q
1260 2374 1298 2405 et

254 2424 290 2462 P
312 2425 352 2462 R
375 2424 428 2470 Q,
456 2435 543 2474 quae
570 2432 690 2473 aquas
708 2418 903 2466 exhibent,
933 2431 1100 2471 quarum
1131 2419 1300 2459 fluiditas

2259 2133 2395 2182 prioris

1355 2340 1465 2377 Hinc
1483 2339 1514 2376 si
1534 2350 1634 2389 aqua
1660 2337 1829 2389 quiescat
1846 2345 1884 2376 et
1902 2338 2072 2376 circulus
2102 2336 2137 2375 P
2161 2337 2202 2381 Q
2225 2337 2267 2375 in
2294 2337 2395 2389 aqua

1352 2400 1554 2431 moveatur
1571 2404 1662 2429 cum
1682 2389 1818 2429 eadem
1837 2392 2036 2429 velocitate
2063 2402 2179 2440 quam
2198 2403 2312 2440 grave
2330 2404 2393 2429 ca-

1353 2445 1481 2484 dendo
1500 2453 1538 2483 et
1556 2458 1647 2483 casu
1664 2456 1736 2481 suo
1754 2444 2002 2483 describendo
2020 2442 2264 2482 altitudinem
2287 2445 2331 2482 H
2354 2446 2393 2483 G

1350 2499 1523 2550 acquirit,
1543 2498 1737 2536 columnae
1754 2497 1832 2535 illae
1854 2498 1889 2536 P
1910 2498 1954 2535 H
1979 2499 2021 2542 Q
2038 2505 2077 2535 et
2099 2497 2132 2534 P
2152 2497 2190 2534 R
2214 2497 2255 2541 Q
2272 2510 2389 2548 aquas

1349 2554 1430 2590 fere
1448 2558 1642 2601 exponent
1660 2563 1825 2601 quarum
1843 2550 2011 2589 fluiditas
2028 2563 2073 2589 ac
2090 2556 2220 2588 motus
2238 2552 2394 2590 inutiles

1351 2612 1444 2644 sunt
1462 2613 1507 2643 ut
1523 2612 1649 2654 partes
1666 2617 1778 2654 aquae
1796 2611 1908 2643 motu
1925 2602 2093 2642 maxime
2106 2603 2250 2642 directo
2261 2612 2299 2642 et
2309 2606 2394 2643 bre-

1353 2658 1507 2697 vissimo
1525 2657 1702 2696 cedentes
1720 2656 1949 2695 facillimum
1968 2659 2163 2705 praebeant
2189 2658 2393 2696 transitum

1352 2712 1511 2751 circulo.
1573 2710 1648 2749 Sed
1668 2713 1755 2762 (per
1774 2710 1887 2747 Lem.
1913 2709 2013 2759 IV.)
2035 2709 2120 2747 loco
2138 2708 2272 2747 circuli
2294 2711 2331 2748 P
2352 2712 2393 2756 Q

1352 2764 1533 2804 substitui
1551 2770 1675 2814 potest
1701 2763 1897 2814 cylindrus
1919 2763 1957 2801 A
1982 2764 2017 2801 B
2039 2763 2080 2801 D
2104 2763 2136 2801 C
2166 2762 2301 2801 eadem
2328 2777 2392 2802 ve-

1352 2818 1506 2857 locitate
1524 2825 1664 2862 motus,
1685 2824 1724 2854 et
1741 2820 1852 2868 quus
1869 2819 1978 2855 bases
1999 2817 2038 2853 A
2061 2816 2109 2861 B,
2135 2816 2167 2854 C
2191 2817 2231 2854 D
2251 2817 2394 2856 circulo

1357 2873 1393 2911 P
1417 2873 1459 2917 Q
1488 2870 1654 2922 aequales
1682 2870 1769 2917 sint,
1800 2870 1941 2921 quibus
1967 2868 2127 2919 proinde
2153 2869 2307 2908 basibus
2325 2870 2390 2908 ad-

1349 2925 1564 2978 jungendae
1591 2930 1683 2962 sunt
1709 2923 1902 2962 columnae
1925 2923 2015 2961 duae
2044 2922 2084 2961 A
2106 2922 2144 2960 Ε
2167 2923 2216 2967 Β,
2242 2923 2274 2961 C
2298 2923 2330 2961 F
2352 2924 2393 2962 D

1354 2979 1546 3018 columnis
1575 2978 1611 3016 P
1640 2977 1685 3015 H
1709 2977 1763 3023 Q,
1797 2977 1834 3017 P
1856 2978 1895 3016 R
1918 2977 1959 3024 Q
1983 2975 2148 3027 aequales
2174 2976 2391 3025 respective,

1354 3040 1470 3083 atque
1487 3032 1656 3080 idipsum
1675 3038 1732 3068 est
1742 3030 1847 3082 quod
1863 3030 2079 3069 Newtonus
2096 3029 2138 3066 in
2155 3030 2231 3067 hoc
2248 3030 2394 3068 scholio

1352 3086 1458 3125 fecit.
1520 3083 1719 3134 Siquidem
1748 3083 1886 3135 juncta
1917 3083 1954 3121 E
1986 3083 2030 3128 F,
2068 3082 2205 3120 mediis
2240 3083 2394 3121 basibus

1358 3141 1398 3178 A
1421 3140 1471 3186 B,
1504 3138 1537 3177 C
1559 3138 1615 3183 D,
1647 3144 1871 3175 occurrente
1898 3137 1940 3173 in
1970 3136 2007 3174 L
2039 3142 2079 3174 et
2107 3135 2162 3181 K,
2196 3143 2235 3173 et
2261 3136 2394 3184 positis

1358 3194 1397 3232 A
1413 3193 1449 3231 B
1462 3198 1500 3230 et
1520 3191 1555 3230 C
1569 3190 1611 3229 D
1629 3189 1702 3240 ipsi
1719 3190 1756 3229 P
1772 3190 1815 3235 Q
1829 3188 2066 3240 aequalibus3
2085 3195 2142 3226 est
2162 3190 2248 3240 (per
2261 3190 2388 3228 Newt.

2170 3242 2214 3279 H
2239 3242 2278 3280 G
2297 3244 2317 3266 2

2196 3308 2290 3346 AL

1353 3276 1518 3328 constr.)
1538 3274 1729 3326 parabolae
1750 3275 1786 3314 A
1809 3273 1849 3314 E
1875 3274 1979 3313 latus
1995 3280 2144 3313 rectum

1354 3361 1750 3470 Ηῖὲέεὲἔ,
1782 3399 1822 3432 et
1847 3391 2278 3433 ide5E12=HG.
2336 3392 2394 3432 Et

1353 3482 1470 3523 simili
1497 3480 1615 3521 modo
1642 3480 1832 3531 parabolae
1865 3480 1899 3518 C
1929 3479 1974 3526 F,
2013 3477 2272 3518 Newtoniana
2300 3488 2393 3517 con-

579 3608 590 3617 .
667 3608 676 3617 .
1354 3567 1563 3608 structione
1589 3565 1800 3615 descriptae,
1830 3564 1932 3603 latus
1958 3571 2105 3603 rectum
2123 3570 2179 3602 est
2198 3536 2224 3569 4
2245 3532 2290 3569 H
2314 3532 2352 3570 G
2372 3534 2392 3555 ²

260 3621 304 3648 ac
321 3615 452 3647 motus
470 3615 561 3647 sunt
579 3608 747 3655 inutileS,
777 3618 816 3647 et
833 3608 1103 3659 parabolarum
1135 3606 1171 3645 P
1193 3606 1219 3645 S
1240 3604 1301 3652 H,
2244 3598 2279 3635 P
2302 3598 2338 3635 G

263 3800 299 3838 P
329 3801 356 3839 S
391 3801 450 3846 H,
496 3800 595 3840 latus
630 3810 780 3840 rectum
821 3768 989 3832 (Ξ-ΣῙ-α
1039 3806 1077 3838 et
1112 3788 1303 3849 parabolae
1348 3788 1412 3810 =
1436 3773 1548 3834 ΘΒ·
1610 3771 1816 3810 C⁰¹um¹¹ae
1842 3768 1963 3830 igitur
1989 3766 2027 3804 A
2049 3767 2086 3805 E
2110 3768 2145 3806 B
2166 3775 2205 3807 et
2225 3769 2258 3807 c
2281 3768 2315 3807 F
2336 3767 2391 3815 D’

857 3834 892 3871 P
915 3834 953 3872 G
990 3829 1001 3847 ’
1357 3838 1437 3865 non
1455 3825 1639 3865 differunt
1656 3837 1679 3863 a
1696 3823 1888 3863 columma
1908 3821 1945 3862 P
1964 3821 2010 3860 H
2033 3821 2075 3867 Q,
2091 3828 2129 3860 et
2148 3821 2184 3865 P
2206 3818 2245 3861 R
2266 3822 2317 3867 Q
