2502 4192
202 271 304 324 170
733 266 1303 324 PHILOSOPHIAE
1341 268 1792 322 NATURALIS
1869 269 2053 335 [Mor.
2085 272 2336 324 Conpon.

193 411 553 487 rectangulum
597 413 693 465 sub
739 414 790 465 A
815 432 846 464 a
888 423 940 465 et
977 416 1010 479 ᾗ
1037 432 1068 464 a
1095 413 1141 465 B
1181 423 1258 464 est
1299 423 1358 465 ut
1397 432 1428 464 a
1456 412 1502 465 B
1528 423 1579 465 et
1602 414 1889 465 'resistentia
1925 415 2256 484 conjunctim,
2285 425 2335 467 et

193 512 471 567 propterea
496 502 545 552 A
572 521 600 553 a
626 513 684 553 ut
709 502 1013 554 resistentia.
1091 503 1160 564 Q.
1187 522 1232 554 e.
1259 503 1310 554 d.

268 592 430 642 Corol.
463 599 508 643 l.
587 592 746 645 Unde
786 594 828 644 si
870 593 1158 644 resistentia
1195 594 1260 645 sit
1296 603 1354 645 ut
1389 594 1649 656 velocitas,
1696 594 1982 647 differentia
2028 614 2240 648 arcuum
2275 597 2330 648 in

189 681 372 733 eodem
397 683 570 734 medio
595 684 692 736 erit
715 694 772 736 ut
796 703 945 736 arcus
971 694 1108 736 totus
1134 684 1449 754 descriptus:
1489 696 1541 738 et
1565 696 1758 737 contra.

266 775 432 825 Corol.
461 781 511 826 2.
589 775 645 827 Si
683 776 970 827 resistentia
994 776 1136 828 sitin
1160 776 1420 845 duplicata
1458 778 1656 830 ratione
1698 777 1994 841 velocitatis,
2040 778 2326 831 differentia

185 863 274 915 illa
297 865 394 915 erit
417 865 472 916 in
497 865 756 935 duplicata
781 867 982 920 ratione
1007 868 1158 920 arcus
1184 869 1369 922 totius:
1410 878 1461 921 et
1486 880 1681 922 contra.

250 1881 413 1932 Corol.
443 1889 491 1932 3.
568 1880 640 1931 Et
661 1880 1032 1942 universaliter,
1062 1880 1104 1932 si
1131 1879 1419 1933 resistentia
1444 1879 1508 1931 sit
1531 1880 1586 1930 in
1611 1878 1866 1948 triplicata
1892 1879 1973 1931 vel
1998 1879 2097 1931 alia
2134 1879 2314 1948 quavis

173 1973 373 2024 ratione
423 1972 721 2035 velocitatiS,
773 1971 1061 2025 differentia
1110 1972 1208 2024 erit
1254 1956 1321 2023 in¹
1360 1971 1539 2024 eadem
1582 1972 1781 2024 ratione
1830 1971 1981 2024 arcus
2024 1973 2209 2025 totius:
2262 1983 2314 2025 et

172 2076 370 2118 contra.

247 2157 410 2207 Corol.
438 2162 488 2205 4.
566 2153 636 2207 Et
660 2153 701 2204 si
722 2153 1007 2204 resistentia
1033 2154 1096 2205 sit
1120 2154 1308 2223 partim
1331 2153 1386 2205 in
1409 2154 1608 2206 ratione
1628 2154 1846 2223 simplici
1865 2153 2163 2218 velocitatiS‚
2190 2173 2311 2224 par-

171 2247 261 2297 tim
289 2246 342 2295 in
369 2245 598 2314 ejusdem
621 2244 821 2296 ratione
846 2243 1121 2312 duplicata,
1164 2245 1450 2297 differentia
1487 2246 1585 2297 erit
1619 2245 1810 2314 partim
1836 2245 1892 2294 in
1917 2244 2120 2295 ratione
2161 2244 2309 2296 arcus

169 2338 325 2390 totius
352 2347 403 2388 et
426 2337 615 2405 partim
638 2337 693 2387 in
719 2338 826 2405 ejus
852 2336 1051 2388 ratione
1075 2335 1364 2405 duplicata:
1393 2347 1444 2388 et
1468 2347 1664 2389 contra.
1720 2335 1922 2389 Eadem
1941 2334 2037 2388 erit
2055 2333 2142 2387 lex
2157 2344 2209 2387 et
2227 2353 2309 2387 ra-

167 2432 242 2483 tio
257 2431 560 2482 resistentiae
574 2449 672 2499 pro
687 2430 970 2493 velocitate,
991 2449 1106 2501 quae
1123 2439 1200 2481 est
1218 2429 1522 2480 differentiae
1538 2429 1672 2480 illius
1688 2447 1785 2497 pro
1803 2427 2125 2498 longitudine
2141 2427 2305 2479 arcus.

246 2522 414 2573 Corol.
444 2527 493 2572 5.
570 2505 801 2589 Ideoque
826 2519 884 2583 si,
911 2519 1143 2588 pendulo.
1176 2519 1454 2589 inaequales
1480 2538 1628 2570 arcus
1656 2516 1939 2570 successive
1968 2508 2304 2581 describente,

168 2612 387 2664 inveniri
409 2621 581 2681 potest
604 2612 735 2663 ratio
759 2612 1063 2663 incrementi
1087 2630 1145 2665 ac
1172 2611 1485 2663 decrementi
1510 2611 1813 2662 differentiae
1837 2611 1991 2680 hujus
2016 2629 2114 2679 pro
2138 2611 2308 2682 longi-

169 2703 348 2754 tudine
385 2702 535 2754 arcfis
573 2702 846 2771 descripti3
885 2703 1158 2754 habebitur
1194 2703 1347 2754 etiam
1383 2702 1514 2754 ratio
1556 2702 1858 2754 incrementi
1895 2719 1955 2754 ac
1991 2702 2304 2755 decrementi

117 2818 119 2821 ’
169 2794 472 2847 resistentiae
496 2812 595 2864 pro
618 2792 887 2847 velocitate
910 2795 1103 2864 majore
1128 2793 1210 2845 vel
1233 2793 1447 2845 minore.

970 3018 1214 3070 Scholium
1255 3016 1518 3070 Generale.

243 3166 330 3218 Ex
353 3167 434 3219 his
463 3168 921 3237 Propositionibus,
945 3189 1040 3240 per
1065 3170 1408 3221 oscillationes
1431 3167 1775 3237 pendulorum
1802 3167 1857 3217 in
1880 3166 2064 3219 mediis
2090 3165 2299 3235 quibus-

165 3272 387 3323 cunque,
430 3256 659 3308 invenire
700 3258 821 3310 licet
856 3259 1196 3310 resistentiam
1220 3258 1525 3309 mediorum.
1600 3256 1752 3307 Ae'ris
1794 3253 1919 3306 vero
1962 3254 2299 3306 resistentiam

165 3343 467 3413 investigavi
505 3363 600 3413 per
642 3346 995 3414 experimenta
1036 3346 1313 3416 sequentia.
1393 3345 1625 3397 Globum
1666 3343 1895 3414 ligneum
1933 3343 2167 3412 pondere
2201 3360 2298 3397 un-

165 3434 360 3486 ciarum
389 3436 742 3489 Romanarum
770 3440 922 3504 573⁷OE
961 3439 1211 3489 diametro
1237 3436 1516 3507 digitorum
1554 3433 1965 3489 Londinensium
1993 3436 2058 3501 δέ
2082 3433 2297 3484 fabrica-

164 3533 291 3586 tum,
319 3522 409 3574 filo
428 3524 570 3576 tenui
596 3525 660 3576 ab
687 3545 822 3577 unco
847 3527 967 3578 satis
993 3526 1145 3577 firmo
1165 3525 1426 3593 suspendi,
1453 3524 1525 3575 ita
1551 3533 1607 3574 ut
1631 3523 1764 3574 inter
1789 3540 1979 3598 uncum
2017 3523 2075 3590 (⁰)
2103 3531 2153 3573 et
2176 3540 2296 3573 cen-

163 3671 302 3712 geatur
335 3664 397 3702 vel
433 3663 672 3703 diminuatur
706 3665 748 3702 in
785 3666 874 3704 data
911 3667 1070 3714 ratione,
1119 3679 1207 3704 area
1258 3665 1463 3715 tangulum
1491 3666 1563 3702 sub
1585 3665 1621 3701 A
1642 3676 1665 3701 a
1682 3670 1721 3701 et
1738 3663 1764 3714 ἦ
1782 3677 1805 3701 a
1827 3664 1861 3701 B
1881 3662 1952 3701 erit
1969 3669 2014 3701 ut
2030 3675 2054 3700 a
2076 3662 2111 3700 Β
2131 3671 2169 3700 et
2187 3663 2297 3711 resis-

167 3717 204 3753 B
227 3716 267 3754 K
290 3717 326 3754 T
343 3730 367 3755 a
392 3719 597 3768 augebitur
630 3718 691 3755 vel
722 3718 961 3758 diminuetur
988 3721 1029 3758 in
1061 3720 1207 3758 ratione
1258 3721 1379 3757 tentia
1391 3717 1641 3769 conjunctim,
1674 3726 1713 3755 et
1739 3724 1937 3767 propterea
1956 3716 1996 3754 A
2015 3729 2039 3753 a
2057 3724 2101 3754 ut
2118 3716 2295 3754 resisten-

165 3770 375 3817 composita
393 3783 438 3808 ex
459 3771 604 3808 ratione
633 3770 888 3822 longitudinis
905 3786 928 3810 a
951 3774 985 3811 B
1006 3781 1044 3811 et
1061 3773 1207 3812 ratione
1259 3771 1323 3810 tia·

165 3821 387 3862 resistentiae
405 3831 528 3862 auctae
548 3824 607 3863 vel
629 3823 846 3871 diminutae,
866 3826 1102 3877 proindeque
1126 3839 1206 3864 rec·
1314 3823 1370 3876 (ο)
1393 3827 1413 3849 ⁸
1437 3826 1492 3864 Et
1511 3830 1686 3863 cenerum
1706 3823 1943 3862 oscillatione
1966 3823 2075 3871 globi.
2138 3820 2244 3867 Quid
2254 3820 2302 3861 sit
