2502 4192
219 311 285 355 56
771 303 1334 357 PHILOSOPHIAE
1376 301 1826 354 NATURALIS
1897 298 2079 365 [Mor.
2110 298 2346 354 Com’ort⁸

172 477 175 480 ·
217 446 318 517 qu&
362 466 549 518 corpus
582 449 766 501 eodem
802 458 1035 519 tempore
1059 450 1113 500 in
1139 449 1304 517 spatio
1327 465 1435 498 non
1460 446 1725 498 resistente
1750 463 1956 496 omnem
1989 462 2137 495 suum
2173 461 2350 495 ascen-

217 537 376 590 dendi
399 548 601 606 motum
625 539 860 591 amittere
885 548 1075 607 posset,
1103 548 1161 589 ut
1184 536 1499 607 triangulum
1526 536 1576 587 A
1600 553 1636 603 p
1663 535 1718 586 D
1756 534 1823 585 ad
1848 544 2100 585 sectorem
2137 532 2350 585 circula-¹

219 646 328 679 rem
357 629 404 681 A
432 639 454 680 t
478 629 564 691 D;
602 629 707 681 sive
732 639 791 681 ut
815 638 956 680 recta
982 629 1032 680 A
1052 647 1088 697 p
1113 627 1180 679 ad
1204 645 1381 679 arcum
1403 626 1451 678 A
1477 636 1514 678 t.

2090 2188 2144 2233 E

288 2354 451 2405 Corol.
481 2359 529 2406 5.
589 2353 682 2404 Est
720 2350 878 2422 igitur
903 2359 1121 2418 tempus,
1164 2365 1268 2417 quo
1311 2364 1498 2415 corpus
1536 2346 1590 2397 in
1628 2346 1800 2399 medio
1832 2347 2095 2399 resistente
2121 2348 2355 2400 cadendo

212 2442 534 2495 velocitatem
562 2444 613 2494 A
642 2443 702 2505 P,
739 2440 974 2511 acquirit,
1020 2439 1084 2490 ad
1113 2448 1332 2506 tempUS,
1362 2456 1465 2507 quo
1489 2437 1811 2489 velocitatem
1835 2439 2113 2490 maximam
2140 2440 2190 2491 A
2219 2440 2263 2491 C
2300 2440 2353 2491 in

213 2533 378 2600 spatio
419 2551 526 2584 non
569 2533 835 2584 resistente
878 2530 1113 2582 cadendo
1156 2529 1421 2598 acquirere
1457 2540 1647 2597 posset,
1696 2527 1752 2599 (⁸)
1780 2539 1838 2582 ut
1862 2540 2027 2582 sector
2053 2531 2103 2582 A
2129 2531 2184 2583 D
2212 2532 2263 2582 T
2289 2530 2356 2582 ad

210 2620 527 2692 triangulum
553 2622 604 2673 A
630 2622 684 2673 D
714 2621 789 2673 C:
829 2629 881 2672 et
905 2629 1125 2688 tempus,
1166 2638 1270 2688 quo
1295 2618 1619 2670 velocitatem
1658 2620 1708 2670 A
1733 2638 1769 2688 p
1795 2621 1850 2671 in
1873 2621 2047 2672 medio
2084 2621 2354 2673 resistente

211 2710 540 2762 ascendendo
563 2709 724 2778 possit
760 2708 1010 2771 amittere,
1056 2707 1124 2759 ad
1161 2717 1364 2775 tempus
1390 2725 1495 2777 quo
1519 2706 1841 2759 velocitatem
1867 2708 2082 2760 eandem
2107 2709 2161 2759 in
2188 2710 2354 2777 spatio

208 2814 314 2847 non
335 2798 600 2849 resistente
616 2796 943 2849 ascendendo
957 2805 1131 2865 posset
1147 2796 1397 2859 amittere,
1421 2796 1478 2864 (t)
1496 2807 1553 2848 ut
1573 2814 1720 2848 arcus
1742 2797 1792 2848 A
1809 2807 1830 2848 t
1845 2796 1912 2848 ad
1928 2799 2036 2867 ejus
2056 2807 2353 2868 tangentem

210 2889 336 2955 Ap.

266 3049 317 3102 (⁸)
340 3051 361 3073 *¹
392 3053 441 3089 Ut
461 3057 578 3088 sector
597 3050 636 3087 A
655 3051 698 3088 D
725 3051 761 3088 T
774 3050 825 3087 ad
838 3050 1079 3098 triangulum
1098 3050 1138 3087 A
1151 3050 1195 3087 D
1212 3051 1253 3088 C.

216 3103 319 3141 Cum
348 3103 452 3139 enim
489 3102 527 3140 A
552 3102 587 3140 P
618 3110 788 3150 exponat
818 3101 1061 3139 velocitatem
1086 3108 1259 3150 tempore

1311 3060 1387 3099 que
1414 3046 1505 3086 cum
1534 3047 1583 3085 sit
1615 3048 1651 3085 A
1684 3048 2350 3089 P=AY=APD2ATD

1311 3101 1499 3139 etAY:
1528 3101 2249 3150 AC=ATDzadhancaream,
2279 3104 2370 3141 erit'

215 3157 252 3192 A
276 3155 312 3192 T
334 3156 374 3192 D
394 3155 435 3191 in
449 3155 578 3193 medio
596 3155 794 3193 resistente
812 3154 1050 3204 acquisitam,
1078 3161 1255 3192 sumatur

214 3209 250 3244 A
270 3208 307 3245 Y
325 3208 411 3245 talis
429 3218 473 3245 ut
490 3216 657 3256 exponat
676 3208 913 3246 velocitatem
927 3216 1100 3256 tempore
1117 3206 1254 3245 eodem

212 3260 254 3297 in
280 3260 410 3298 medio
437 3273 516 3297 non
535 3261 733 3298 resistente
751 3260 990 3309 productam,
1024 3268 1063 3298 et
1089 3260 1161 3298 erit
1186 3273 1254 3309 per

215 3312 341 3351 Corol.
369 3319 404 3350 2.
443 3315 476 3350 A
503 3314 984 3356 PadAYutAPD,
1008 3313 1055 3351 ad
1081 3313 1254 3358 ATD,

209 3378 377 3415 cumque
406 3366 521 3402 etiam
557 3368 592 3403 A
617 3367 649 3405 C
677 3374 844 3415 exponat
867 3365 1107 3404 velocitatem
1134 3367 1256 3404 maxi-

209 3431 326 3462 mam,
347 3418 419 3456 erit
443 3419 478 3455 A
503 3420 540 3456 Y
559 3418 608 3456 ad
630 3419 667 3456 A
692 3419 724 3457 C
745 3426 790 3457 ut
807 3427 960 3468 tempus
978 3432 1055 3469 quo
1074 3419 1177 3470 prior
1194 3432 1257 3458 ce-

210 3471 340 3508 leritas
364 3472 398 3508 A
426 3472 461 3509 Y
489 3471 529 3508 in
548 3471 678 3508 medio
697 3485 778 3510 non
797 3473 995 3511 resistente
1012 3472 1157 3522 acquiri
1188 3486 1256 3521 po-

209 3531 293 3569 test,
327 3523 376 3560 ad
404 3532 558 3572 tempus
587 3537 665 3574 quo
692 3525 874 3563 velocitas
900 3524 1071 3563 maxima
1092 3525 1128 3564 A
1155 3525 1187 3564 C
1215 3526 1257 3562 in

209 3577 339 3614 medio
357 3576 472 3614 etiam
492 3589 570 3613 non
585 3577 783 3615 resistente
800 3578 1071 3628 acquireretur,
1101 3586 1140 3616 et
1165 3577 1257 3616 cum

208 3637 363 3678 tempus
380 3642 458 3680 quo
477 3628 651 3667 celeritas
674 3631 712 3667 A
730 3631 767 3668 Y
784 3632 1006 3681 acquiritur,
1023 3631 1258 3679 exprimatur

208 3694 421 3729 pet-aream
445 3682 612 3728 ATD,
641 3682 774 3721 eritA
797 3683 900 3720 Yad
924 3685 962 3721 A
986 3685 1083 3723 Cut
1106 3684 1255 3722 ATD

207 3735 257 3771 ad
289 3748 415 3772 aream
448 3749 536 3786 quae
566 3741 737 3783 exponet
775 3744 931 3783 tempus
967 3749 1046 3786 quo
1081 3737 1261 3775 velocitas

207 3788 377 3825 maxima
396 3788 435 3825 in
455 3788 583 3827 medio
604 3800 680 3826 non
711 3788 912 3827 resistente
939 3789 1160 3839 acquiritur,
1189 3790 1262 3828 ita-

1307 3167 1354 3192 ex
1374 3167 1485 3204 aequo
1506 3155 1545 3191 A
1568 3153 1603 3191 P
1622 3169 1631 3192 ε
1660 3158 1697 3192 A
1714 3156 1746 3194 C
1764 3172 1822 3193 =
1841 3157 1878 3193 A
1894 3157 1931 3196 P
1948 3157 2000 3201 D,
2021 3156 2070 3193 ad
2089 3158 2187 3194 hanc
2205 3169 2345 3199 aream,

1307 3207 1373 3246 sed
1405 3206 1558 3256 sumpti
1589 3209 1787 3246 communi
1818 3208 2022 3247 altitudine
2054 3209 2093 3246 D
2118 3209 2160 3245 H
2181 3216 2237 3246 est
2261 3210 2297 3246 A
2316 3209 2352 3246 P

1306 3261 1356 3299 ad
1393 3261 1427 3299 A
1454 3261 1486 3300 C
1513 3276 1569 3296 =
1597 3261 1657 3297 tri.
1692 3262 1730 3299 A
1754 3261 1790 3299 P
1811 3261 1930 3300 D-ad
1954 3261 2014 3299 tri.
2051 3262 2088 3299 A
2112 3262 2152 3299 D
2176 3263 2221 3308 C,
2256 3274 2350 3313 ergo

1310 3326 1397 3352 area
1414 3326 1502 3364 quae
1521 3321 1685 3361 exponet
1702 3321 1855 3363 tempus
1880 3327 1958 3365 quo
1985 3315 2153 3352 maxima
2172 3315 2350 3353 velocitas

1309 3367 1352 3404 in
1387 3367 1516 3404 medio
1551 3373 1646 3403 non*
1666 3367 1865 3406 resistente
1904 3367 2123 3417 acquiritur,
2171 3375 2228 3405 est
2263 3380 2351 3405 area

1315 3420 1352 3457 A
1375 3421 1416 3458 D
1439 3421 1485 3458 C.
1547 3419 1664 3458 Unde
1681 3420 1856 3470 sequitur
1873 3419 1977 3471 quod
1997 3433 2135 3469 corpus
2153 3421 2194 3457 in
2220 3421 2349 3458 medio

1309 3473 1518 3519 resistente,
1546 3473 1783 3511 velocitatem
1811 3474 2018 3512 maximam
2043 3474 2079 3511 A
2104 3474 2135 3511 C
2155 3473 2350 3523 acquirere

1310 3525 1481 3563 cadendo
1495 3538 1575 3564 non
1594 3534 1719 3574 potest
1736 3526 1810 3563 nisi
1827 3534 2000 3575 tempore
2018 3526 2180 3564 infinito.
2245 3525 2350 3564 Chm

1308 3579 1413 3616 enim
1433 3579 1477 3617 fit
1500 3580 1535 3616 A
1560 3579 1595 3617 P
1613 3595 1670 3615 =
1695 3579 1731 3616 A
1756 3580 1802 3625 C,
1823 3579 2004 3617 coincidit
2034 3579 2075 3616 D
2097 3579 2133 3616 T
2160 3591 2250 3616 cum
2277 3580 2348 3628 hy-

1309 3631 1475 3679 perbolae
1496 3632 1535 3669 A
1551 3633 1587 3671 T
1604 3633 1863 3684 Vasymptoto
1885 3633 1925 3670 D
1942 3632 1987 3678 C,
2008 3638 2046 3669 et
2059 3639 2179 3669 sector
2201 3633 2237 3668 A
2256 3633 2295 3670 D
2313 3631 2350 3670 T

1309 3684 1355 3722 fit
1371 3684 1559 3722 infinitus.

1369 3737 1422 3788 (²)
1458 3741 1479 3763 '¹‘
1519 3742 1570 3778 Ut
1596 3752 1710 3778 arcus
1729 3739 1768 3776 A
1786 3747 1813 3784 t,
1840 3741 1891 3776 ad
1909 3737 1989 3787 qy‘us
2007 3745 2223 3786 tangentem
2253 3739 2292 3775 A
2307 3752 2344 3786 7²·

1320 3790 1517 3840 Siquidem
1547 3793 1634 3844 (per
1656 3793 1744 3831 Cor.
1764 3791 1825 3841 4.)
1856 3790 2033 3829 velocitas
2055 3793 2089 3829 A
2111 3803 2136 3839 p
2164 3791 2203 3827 in
2224 3791 2351 3828 medio
