<?xml version="1.0" encoding="UTF-8"?>
<!DOCTYPE html PUBLIC "-//W3C//DTD XHTML 1.0 Transitional//EN"
    "http://www.w3.org/TR/xhtml1/DTD/xhtml1-transitional.dtd">
<html xmlns="http://www.w3.org/1999/xhtml" xml:lang="en" lang="en">
 <head>
  <title>
</title>
<meta http-equiv="Content-Type" content="text/html;charset=utf-8" />
  <meta name='ocr-system' content='tesseract 3.04.00' />
  <meta name='ocr-capabilities' content='ocr_page ocr_carea ocr_par ocr_line ocrx_word'/>
</head>
<body>
  <div class='ocr_page' id='page_1' title='image "./philonatrualprin02newtrich_0227.png"; bbox 0 0 2502 4192; ppageno 0'>
   <div class='ocr_carea' id='block_1_1' title="bbox 117 245 2268 313">
    <p class='ocr_par' dir='ltr' id='par_1_1' title="bbox 117 245 2268 313">
     <span class='ocr_line' id='line_1_1' title="bbox 117 245 2268 313; baseline -0.007 -9"><span class='ocrx_word' id='word_1_1' title='bbox 117 252 302 304; x_wconf 83' lang='lat' dir='ltr'><strong>LIBER</strong></span> <span class='ocrx_word' id='word_1_2' title='bbox 332 252 603 313; x_wconf 59' lang='lat' dir='ltr'>Samma]</span> <span class='ocrx_word' id='word_1_3' title='bbox 660 247 1061 300; x_wconf 89' lang='lat' dir='ltr'>PRINCIPIA</span> <span class='ocrx_word' id='word_1_4' title='bbox 1102 245 1724 299; x_wconf 84' lang='lat' dir='ltr'>MATHEMATICA.</span> <span class='ocrx_word' id='word_1_5' title='bbox 2165 258 2268 304; x_wconf 79' lang='lat'>215</span> 
     </span>
    </p>
   </div>
   <div class='ocr_carea' id='block_1_2' title="bbox 115 385 2272 1000">
    <p class='ocr_par' dir='ltr' id='par_1_2' title="bbox 115 385 2272 1000">
     <span class='ocr_line' id='line_1_2' title="bbox 117 385 2270 460; baseline -0 -17"><span class='ocrx_word' id='word_1_6' title='bbox 117 394 194 444; x_wconf 87' lang='lat' dir='ltr'>nis</span> <span class='ocrx_word' id='word_1_7' title='bbox 242 393 394 460; x_wconf 88' lang='lat' dir='ltr'>hujus</span> <span class='ocrx_word' id='word_1_8' title='bbox 444 388 706 441; x_wconf 89' lang='lat' dir='ltr'>circularis</span> <span class='ocrx_word' id='word_1_9' title='bbox 756 388 820 439; x_wconf 90' lang='lat' dir='ltr'>ad</span> <span class='ocrx_word' id='word_1_10' title='bbox 867 389 1176 439; x_wconf 83' lang='lat' dir='ltr'>diametrum</span> <span class='ocrx_word' id='word_1_11' title='bbox 1215 405 1362 438; x_wconf 81' lang='lat' dir='ltr'>venae</span> <span class='ocrx_word' id='word_1_12' title='bbox 1407 396 1466 438; x_wconf 92' lang='lat' dir='ltr'>ut</span> <span class='ocrx_word' id='word_1_13' title='bbox 1513 394 1579 439; x_wconf 87' lang='grc'>25</span> <span class='ocrx_word' id='word_1_14' title='bbox 1626 386 1694 437; x_wconf 90' lang='lat' dir='ltr'>ad</span> <span class='ocrx_word' id='word_1_15' title='bbox 1735 393 1796 437; x_wconf 98' lang='grc'>21</span> <span class='ocrx_word' id='word_1_16' title='bbox 1855 385 2270 456; x_wconf 73' lang='lat' dir='ltr'>quamproxime.</span> 
     </span>
     <span class='ocr_line' id='line_1_3' title="bbox 118 476 2272 551; baseline -0.001 -18"><span class='ocrx_word' id='word_1_17' title='bbox 118 483 272 551; x_wconf 87' lang='lat' dir='ltr'><strong>Aqua</strong></span> <span class='ocrx_word' id='word_1_18' title='bbox 322 480 480 550; x_wconf 81' lang='lat' dir='ltr'>igitur</span> <span class='ocrx_word' id='word_1_19' title='bbox 531 477 844 529; x_wconf 87' lang='lat' dir='ltr'>transeundo</span> <span class='ocrx_word' id='word_1_20' title='bbox 882 495 978 545; x_wconf 88' lang='lat' dir='ltr'>per</span> <span class='ocrx_word' id='word_1_21' title='bbox 1017 477 1266 538; x_wconf 87' lang='lat' dir='ltr'>foramen,</span> <span class='ocrx_word' id='word_1_22' title='bbox 1315 476 1864 546; x_wconf 24' lang='lat' dir='ltr'>convergitfundique,</span> <span class='ocrx_word' id='word_1_23' title='bbox 1912 487 1963 526; x_wconf 92' lang='lat' dir='ltr'>et</span> <span class='ocrx_word' id='word_1_24' title='bbox 1998 489 2272 547; x_wconf 83' lang='lat' dir='ltr'><strong>postquam</strong></span> 
     </span>
     <span class='ocr_line' id='line_1_4' title="bbox 118 564 2272 634; baseline -0.001 -13"><span class='ocrx_word' id='word_1_25' title='bbox 118 569 317 621; x_wconf 83' lang='lat' dir='ltr'>effluxit</span> <span class='ocrx_word' id='word_1_26' title='bbox 342 586 409 619; x_wconf 82' lang='lat' dir='ltr'>ex</span> <span class='ocrx_word' id='word_1_27' title='bbox 435 585 571 629; x_wconf 87' lang='lat' dir='ltr'>vase,</span> <span class='ocrx_word' id='word_1_28' title='bbox 600 565 804 617; x_wconf 85' lang='lat' dir='ltr'>tenuior</span> <span class='ocrx_word' id='word_1_29' title='bbox 828 564 1063 616; x_wconf 85' lang='lat' dir='ltr'><strong>redditur</strong></span> <span class='ocrx_word' id='word_1_30' title='bbox 1089 564 1470 634; x_wconf 83' lang='lat' dir='ltr'>convergendo‚</span> <span class='ocrx_word' id='word_1_31' title='bbox 1501 574 1552 615; x_wconf 91' lang='lat' dir='ltr'>et</span> <span class='ocrx_word' id='word_1_32' title='bbox 1576 583 1671 632; x_wconf 89' lang='lat' dir='ltr'>per</span> <span class='ocrx_word' id='word_1_33' title='bbox 1697 565 2103 616; x_wconf 82' lang='lat' dir='ltr'>attenuationem</span> <span class='ocrx_word' id='word_1_34' title='bbox 2129 586 2272 618; x_wconf 87' lang='lat' dir='ltr'>acce-</span> 
     </span>
     <span class='ocr_line' id='line_1_5' title="bbox 119 655 2271 726; baseline -0.003 -11"><span class='ocrx_word' id='word_1_35' title='bbox 119 664 312 715; x_wconf 88' lang='lat' dir='ltr'>leratur</span> <span class='ocrx_word' id='word_1_36' title='bbox 355 661 520 711; x_wconf 89' lang='lat' dir='ltr'>donec</span> <span class='ocrx_word' id='word_1_37' title='bbox 559 659 625 711; x_wconf 89' lang='lat' dir='ltr'>ad</span> <span class='ocrx_word' id='word_1_38' title='bbox 664 659 959 710; x_wconf 85' lang='lat' dir='ltr'>distantiam</span> <span class='ocrx_word' id='word_1_39' title='bbox 997 657 1219 709; x_wconf 84' lang='lat' dir='ltr'>semissis</span> <span class='ocrx_word' id='word_1_40' title='bbox 1259 656 1408 726; x_wconf 84' lang='lat' dir='ltr'>digiti</span> <span class='ocrx_word' id='word_1_41' title='bbox 1433 675 1464 706; x_wconf 89' lang='lat' dir='ltr'>a</span> <span class='ocrx_word' id='word_1_42' title='bbox 1488 655 1741 707; x_wconf 88' lang='lat' dir='ltr'>foramine</span> <span class='ocrx_word' id='word_1_43' title='bbox 1769 657 2074 723; x_wconf 77' lang='lat' dir='ltr'>pervenerit,</span> <span class='ocrx_word' id='word_1_44' title='bbox 2116 669 2168 709; x_wconf 90' lang='lat' dir='ltr'>et</span> <span class='ocrx_word' id='word_1_45' title='bbox 2205 659 2271 709; x_wconf 88' lang='lat' dir='ltr'>ad</span> 
     </span>
     <span class='ocr_line' id='line_1_6' title="bbox 116 743 2268 814; baseline -0.002 -11"><span class='ocrx_word' id='word_1_46' title='bbox 116 750 410 803; x_wconf 86' lang='lat' dir='ltr'>distantiam</span> <span class='ocrx_word' id='word_1_47' title='bbox 455 748 597 798; x_wconf 87' lang='lat' dir='ltr'>illam</span> <span class='ocrx_word' id='word_1_48' title='bbox 634 747 838 798; x_wconf 87' lang='lat' dir='ltr'>tenuior</span> <span class='ocrx_word' id='word_1_49' title='bbox 877 746 937 813; x_wconf 89' lang='lat'>(⁰)</span> <span class='ocrx_word' id='word_1_50' title='bbox 968 755 1019 796; x_wconf 88' lang='lat' dir='ltr'>et</span> <span class='ocrx_word' id='word_1_51' title='bbox 1056 744 1272 797; x_wconf 86' lang='lat' dir='ltr'>celerior</span> <span class='ocrx_word' id='word_1_52' title='bbox 1309 746 1369 795; x_wconf 85' lang='lat' dir='ltr'>fit</span> <span class='ocrx_word' id='word_1_53' title='bbox 1407 743 1558 814; x_wconf 72' lang='lat' dir='ltr'>quam</span> <span class='ocrx_word' id='word_1_54' title='bbox 1585 746 1640 795; x_wconf 91' lang='lat' dir='ltr'>in</span> <span class='ocrx_word' id='word_1_55' title='bbox 1666 746 1780 814; x_wconf 86' lang='lat' dir='ltr'>ipso</span> <span class='ocrx_word' id='word_1_56' title='bbox 1805 746 2058 797; x_wconf 86' lang='lat' dir='ltr'>foramine</span> <span class='ocrx_word' id='word_1_57' title='bbox 2096 748 2149 797; x_wconf 92' lang='lat' dir='ltr'>in</span> <span class='ocrx_word' id='word_1_58' title='bbox 2187 767 2268 798; x_wconf 85' lang='lat' dir='ltr'>ra-</span> 
     </span>
     <span class='ocr_line' id='line_1_7' title="bbox 116 834 2267 904; baseline -0.003 -10"><span class='ocrx_word' id='word_1_59' title='bbox 116 844 254 894; x_wconf 89' lang='lat' dir='ltr'>tione</span> <span class='ocrx_word' id='word_1_60' title='bbox 296 848 363 894; x_wconf 88' lang='grc'>25</span> <span class='ocrx_word' id='word_1_61' title='bbox 407 852 448 892; x_wconf 85' lang='grc' dir='ltr'>Χ</span> <span class='ocrx_word' id='word_1_62' title='bbox 489 847 556 892; x_wconf 84' lang='grc'>25</span> <span class='ocrx_word' id='word_1_63' title='bbox 583 838 650 890; x_wconf 88' lang='lat' dir='ltr'>ad</span> <span class='ocrx_word' id='word_1_64' title='bbox 677 844 737 889; x_wconf 93' lang='grc'>21</span> <span class='ocrx_word' id='word_1_65' title='bbox 785 848 827 889; x_wconf 86' lang='grc' dir='ltr'>Χ</span> <span class='ocrx_word' id='word_1_66' title='bbox 866 843 928 887; x_wconf 85' lang='grc'>21</span> <span class='ocrx_word' id='word_1_67' title='bbox 962 854 1053 887; x_wconf 90' lang='lat' dir='ltr'>seu</span> <span class='ocrx_word' id='word_1_68' title='bbox 1084 841 1147 890; x_wconf 91' lang='lat'>17</span> <span class='ocrx_word' id='word_1_69' title='bbox 1176 834 1242 886; x_wconf 88' lang='lat' dir='ltr'>ad</span> <span class='ocrx_word' id='word_1_70' title='bbox 1285 841 1348 885; x_wconf 92' lang='grc'>12</span> <span class='ocrx_word' id='word_1_71' title='bbox 1388 836 1802 904; x_wconf 70' lang='lat' dir='ltr'>quamproxime,</span> <span class='ocrx_word' id='word_1_72' title='bbox 1845 837 1898 887; x_wconf 91' lang='lat' dir='ltr'>id</span> <span class='ocrx_word' id='word_1_73' title='bbox 1937 848 2014 887; x_wconf 88' lang='lat' dir='ltr'>est</span> <span class='ocrx_word' id='word_1_74' title='bbox 2050 838 2104 887; x_wconf 90' lang='lat' dir='ltr'>in</span> <span class='ocrx_word' id='word_1_75' title='bbox 2143 839 2267 889; x_wconf 91' lang='lat' dir='ltr'>sub-</span> 
     </span>
     <span class='ocr_line' id='line_1_8' title="bbox 115 925 2260 1000; baseline -0 -16"><span class='ocrx_word' id='word_1_76' title='bbox 115 930 373 1000; x_wconf 62' lang='lat' dir='ltr'>duplicaffi</span> <span class='ocrx_word' id='word_1_77' title='bbox 401 930 603 981; x_wconf 88' lang='lat' dir='ltr'>ratione</span> <span class='ocrx_word' id='word_1_78' title='bbox 627 927 813 980; x_wconf 87' lang='lat' dir='ltr'>binarii</span> <span class='ocrx_word' id='word_1_79' title='bbox 838 926 905 979; x_wconf 86' lang='lat' dir='ltr'>ad</span> <span class='ocrx_word' id='word_1_80' title='bbox 930 926 1181 980; x_wconf 87' lang='lat' dir='ltr'>unitatem</span> <span class='ocrx_word' id='word_1_81' title='bbox 1220 925 1437 979; x_wconf 86' lang='lat' dir='ltr'>circiter.</span> <span class='ocrx_word' id='word_1_82' title='bbox 1517 927 1580 995; x_wconf 79' lang='lat' dir='ltr'>(P)</span> <span class='ocrx_word' id='word_1_83' title='bbox 1611 927 1713 980; x_wconf 89' lang='lat' dir='ltr'>Per</span> <span class='ocrx_word' id='word_1_84' title='bbox 1739 928 2096 995; x_wconf 87' lang='lat' dir='ltr'>experimenta</span> <span class='ocrx_word' id='word_1_85' title='bbox 2134 929 2260 983; x_wconf 74' lang='lat' dir='ltr'>vero.</span> 
     </span>
    </p>
   </div>
   <div class='ocr_carea' id='block_1_3' title="bbox 113 1090 1163 2896">
    <p class='ocr_par' dir='ltr' id='par_1_3' title="bbox 113 1090 1163 2896">
     <span class='ocr_line' id='line_1_9' title="bbox 116 1090 1156 1143; baseline 0 -14"><span class='ocrx_word' id='word_1_86' title='bbox 116 1093 246 1132; x_wconf 84' lang='lat' dir='ltr'>iverim</span> <span class='ocrx_word' id='word_1_87' title='bbox 259 1093 506 1143; x_wconf 75' lang='lat' dir='ltr'>perexiguam</span> <span class='ocrx_word' id='word_1_88' title='bbox 521 1092 689 1143; x_wconf 83' lang='lat' dir='ltr'>aliquam</span> <span class='ocrx_word' id='word_1_89' title='bbox 705 1091 961 1129; x_wconf 74' lang='lat' dir='ltr'>differentiam</span> <span class='ocrx_word' id='word_1_90' title='bbox 975 1090 1156 1129; x_wconf 82' lang='lat' dir='ltr'>interesse</span> 
     </span>
     <span class='ocr_line' id='line_1_10' title="bbox 114 1144 1156 1195; baseline -0.001 -12"><span class='ocrx_word' id='word_1_91' title='bbox 114 1147 213 1185; x_wconf 84' lang='lat' dir='ltr'>inter</span> <span class='ocrx_word' id='word_1_92' title='bbox 231 1147 506 1184; x_wconf 85' lang='lat' dir='ltr'>contractiones</span> <span class='ocrx_word' id='word_1_93' title='bbox 524 1159 633 1195; x_wconf 86' lang='lat' dir='ltr'>aquae</span> <span class='ocrx_word' id='word_1_94' title='bbox 652 1144 842 1183; x_wconf 85' lang='lat' dir='ltr'>effluentis</span> <span class='ocrx_word' id='word_1_95' title='bbox 870 1158 916 1182; x_wconf 85' lang='lat' dir='ltr'>ex</span> <span class='ocrx_word' id='word_1_96' title='bbox 944 1145 1156 1182; x_wconf 89' lang='lat' dir='ltr'>minoribus</span> 
     </span>
     <span class='ocr_line' id='line_1_11' title="bbox 113 1198 1155 1249; baseline -0.002 -12"><span class='ocrx_word' id='word_1_97' title='bbox 113 1200 377 1246; x_wconf 81' lang='lat' dir='ltr'>foraminibus,</span> <span class='ocrx_word' id='word_1_98' title='bbox 399 1207 436 1237; x_wconf 87' lang='lat' dir='ltr'>et</span> <span class='ocrx_word' id='word_1_99' title='bbox 454 1212 562 1249; x_wconf 88' lang='lat' dir='ltr'>aquae</span> <span class='ocrx_word' id='word_1_100' title='bbox 582 1199 860 1236; x_wconf 84' lang='lat' dir='ltr'>contractiones</span> <span class='ocrx_word' id='word_1_101' title='bbox 878 1211 924 1235; x_wconf 84' lang='lat' dir='ltr'>ex</span> <span class='ocrx_word' id='word_1_102' title='bbox 944 1198 1155 1249; x_wconf 86' lang='lat' dir='ltr'>majoribus</span> 
     </span>
     <span class='ocr_line' id='line_1_12' title="bbox 113 1250 1155 1300; baseline -0.001 -10"><span class='ocrx_word' id='word_1_103' title='bbox 113 1253 316 1290; x_wconf 61' lang='lat' dir='ltr'>effluentis</span> <span class='ocrx_word' id='word_1_104' title='bbox 380 1252 510 1290; x_wconf 77' lang='lat' dir='ltr'>Antea</span> <span class='ocrx_word' id='word_1_105' title='bbox 537 1251 713 1300; x_wconf 76' lang='lat' dir='ltr'>descripti</span> <span class='ocrx_word' id='word_1_106' title='bbox 732 1252 931 1289; x_wconf 85' lang='lat' dir='ltr'>foraminis</span> <span class='ocrx_word' id='word_1_107' title='bbox 952 1252 991 1288; x_wconf 93' lang='lat' dir='ltr'>in</span> <span class='ocrx_word' id='word_1_108' title='bbox 1010 1250 1155 1289; x_wconf 67' lang='lat' dir='ltr'>lamina</span> 
     </span>
     <span class='ocr_line' id='line_1_13' title="bbox 113 1305 1154 1355; baseline -0.003 -11"><span class='ocrx_word' id='word_1_109' title='bbox 113 1306 237 1344; x_wconf 73' lang='lat' dir='ltr'>ferrea</span> <span class='ocrx_word' id='word_1_110' title='bbox 265 1306 450 1344; x_wconf 82' lang='lat' dir='ltr'>diameter</span> <span class='ocrx_word' id='word_1_111' title='bbox 479 1305 528 1343; x_wconf 90' lang='lat' dir='ltr'>ad</span> <span class='ocrx_word' id='word_1_112' title='bbox 556 1306 786 1342; x_wconf 89' lang='lat' dir='ltr'>diametrum</span> <span class='ocrx_word' id='word_1_113' title='bbox 813 1318 923 1355; x_wconf 80' lang='lat' dir='ltr'>aquoe</span> <span class='ocrx_word' id='word_1_114' title='bbox 950 1313 1154 1342; x_wconf 76' lang='lat' dir='ltr'>contractae</span> 
     </span>
     <span class='ocr_line' id='line_1_14' title="bbox 114 1358 1155 1408; baseline -0.002 -12"><span class='ocrx_word' id='word_1_115' title='bbox 114 1360 190 1397; x_wconf 89' lang='lat' dir='ltr'>fuit</span> <span class='ocrx_word' id='word_1_116' title='bbox 217 1360 257 1395; x_wconf 88' lang='lat' dir='ltr'>in</span> <span class='ocrx_word' id='word_1_117' title='bbox 281 1358 327 1397; x_wconf 73' lang='lat' dir='ltr'>ea</span> <span class='ocrx_word' id='word_1_118' title='bbox 354 1362 499 1396; x_wconf 83' lang='lat' dir='ltr'>ratione</span> <span class='ocrx_word' id='word_1_119' title='bbox 523 1371 640 1408; x_wconf 88' lang='lat' dir='ltr'>quam</span> <span class='ocrx_word' id='word_1_120' title='bbox 673 1359 787 1396; x_wconf 82' lang='lat' dir='ltr'>habet</span> <span class='ocrx_word' id='word_1_121' title='bbox 816 1370 1000 1395; x_wconf 83' lang='lat' dir='ltr'>numerus</span> <span class='ocrx_word' id='word_1_122' title='bbox 1027 1363 1078 1397; x_wconf 83' lang='lat'>52</span> <span class='ocrx_word' id='word_1_123' title='bbox 1105 1358 1155 1395; x_wconf 88' lang='lat' dir='ltr'>ad</span> 
     </span>
     <span class='ocr_line' id='line_1_15' title="bbox 114 1411 1150 1460; baseline -0.002 -10"><span class='ocrx_word' id='word_1_124' title='bbox 114 1418 161 1450; x_wconf 84' lang='lat'>41</span> <span class='ocrx_word' id='word_1_125' title='bbox 179 1428 191 1460; x_wconf 82' lang='lat'>3</span> <span class='ocrx_word' id='word_1_126' title='bbox 213 1411 301 1449; x_wconf 73' lang='lat' dir='ltr'>cinn</span> <span class='ocrx_word' id='word_1_127' title='bbox 330 1412 582 1450; x_wconf 89' lang='lat' dir='ltr'>Newtoniana</span> <span class='ocrx_word' id='word_1_128' title='bbox 600 1411 648 1449; x_wconf 90' lang='lat' dir='ltr'>sit</span> <span class='ocrx_word' id='word_1_129' title='bbox 665 1413 762 1449; x_wconf 87' lang='lat' dir='ltr'>ratio</span> <span class='ocrx_word' id='word_1_130' title='bbox 780 1413 932 1449; x_wconf 86' lang='lat' dir='ltr'>numeri</span> <span class='ocrx_word' id='word_1_131' title='bbox 952 1416 1004 1450; x_wconf 90' lang='lat'>50</span> <span class='ocrx_word' id='word_1_132' title='bbox 1023 1411 1071 1448; x_wconf 87' lang='lat' dir='ltr'>ad</span> <span class='ocrx_word' id='word_1_133' title='bbox 1088 1416 1150 1449; x_wconf 85' lang='grc'>42.</span> 
     </span>
     <span class='ocr_line' id='line_1_16' title="bbox 114 1464 1155 1515; baseline -0.002 -12"><span class='ocrx_word' id='word_1_134' title='bbox 114 1467 168 1503; x_wconf 88' lang='lat' dir='ltr'>sic</span> <span class='ocrx_word' id='word_1_135' title='bbox 200 1464 360 1503; x_wconf 75' lang='lat' dir='ltr'>omnino</span> <span class='ocrx_word' id='word_1_136' title='bbox 394 1466 527 1503; x_wconf 71' lang='lat' dir='ltr'>eadem</span> <span class='ocrx_word' id='word_1_137' title='bbox 559 1465 656 1515; x_wconf 88' lang='lat' dir='ltr'>lege,</span> <span class='ocrx_word' id='word_1_138' title='bbox 691 1478 770 1502; x_wconf 89' lang='lat' dir='ltr'>non</span> <span class='ocrx_word' id='word_1_139' title='bbox 802 1477 951 1513; x_wconf 88' lang='lat' dir='ltr'>semper</span> <span class='ocrx_word' id='word_1_140' title='bbox 981 1466 1155 1502; x_wconf 90' lang='lat' dir='ltr'>contrahi</span> 
     </span>
     <span class='ocr_line' id='line_1_17' title="bbox 113 1518 1156 1569; baseline 0 -14"><span class='ocrx_word' id='word_1_141' title='bbox 113 1532 223 1569; x_wconf 84' lang='lat' dir='ltr'>aquae</span> <span class='ocrx_word' id='word_1_142' title='bbox 261 1532 376 1556; x_wconf 87' lang='lat' dir='ltr'>venas</span> <span class='ocrx_word' id='word_1_143' title='bbox 412 1518 623 1557; x_wconf 82' lang='lat' dir='ltr'>ostendunt</span> <span class='ocrx_word' id='word_1_144' title='bbox 661 1518 775 1555; x_wconf 79' lang='lat' dir='ltr'>variae</span> <span class='ocrx_word' id='word_1_145' title='bbox 811 1518 1087 1556; x_wconf 87' lang='lat' dir='ltr'>contractiones</span> <span class='ocrx_word' id='word_1_146' title='bbox 1113 1520 1156 1555; x_wconf 88' lang='lat' dir='ltr'>in</span> 
     </span>
     <span class='ocr_line' id='line_1_18' title="bbox 114 1570 1154 1622; baseline -0.002 -12"><span class='ocrx_word' id='word_1_147' title='bbox 114 1586 224 1622; x_wconf 81' lang='lat' dir='ltr'>aquae</span> <span class='ocrx_word' id='word_1_148' title='bbox 250 1585 273 1609; x_wconf 87' lang='lat' dir='ltr'>a</span> <span class='ocrx_word' id='word_1_149' title='bbox 301 1572 411 1609; x_wconf 85' lang='lat' dir='ltr'>variis</span> <span class='ocrx_word' id='word_1_150' title='bbox 437 1571 568 1608; x_wconf 84' lang='lat' dir='ltr'>frustis</span> <span class='ocrx_word' id='word_1_151' title='bbox 592 1571 734 1608; x_wconf 88' lang='lat' dir='ltr'>conicis</span> <span class='ocrx_word' id='word_1_152' title='bbox 759 1570 905 1609; x_wconf 86' lang='lat' dir='ltr'>effluxu</span> <span class='ocrx_word' id='word_1_153' title='bbox 932 1573 1154 1618; x_wconf 75' lang='lat' dir='ltr'>observatae,</span> 
     </span>
     <span class='ocr_line' id='line_1_19' title="bbox 113 1624 1155 1675; baseline -0.001 -13"><span class='ocrx_word' id='word_1_154' title='bbox 113 1624 209 1675; x_wconf 88' lang='lat' dir='ltr'>quin</span> <span class='ocrx_word' id='word_1_155' title='bbox 238 1625 352 1662; x_wconf 88' lang='lat' dir='ltr'>etiam</span> <span class='ocrx_word' id='word_1_156' title='bbox 379 1625 457 1661; x_wconf 90' lang='lat' dir='ltr'>huc</span> <span class='ocrx_word' id='word_1_157' title='bbox 485 1625 679 1661; x_wconf 89' lang='lat' dir='ltr'>debebunt</span> <span class='ocrx_word' id='word_1_158' title='bbox 707 1624 840 1661; x_wconf 83' lang='lat' dir='ltr'>referri</span> <span class='ocrx_word' id='word_1_159' title='bbox 865 1624 942 1661; x_wconf 81' lang='lat' dir='ltr'>illae</span> <span class='ocrx_word' id='word_1_160' title='bbox 959 1637 1054 1674; x_wconf 88' lang='lat' dir='ltr'>quas</span> <span class='ocrx_word' id='word_1_161' title='bbox 1071 1625 1155 1661; x_wconf 85' lang='lat' dir='ltr'>ani-</span> 
     </span>
     <span class='ocr_line' id='line_1_20' title="bbox 116 1677 1155 1725; baseline -0.002 -9"><span class='ocrx_word' id='word_1_162' title='bbox 116 1678 299 1716; x_wconf 89' lang='lat' dir='ltr'>madverti</span> <span class='ocrx_word' id='word_1_163' title='bbox 319 1677 544 1714; x_wconf 82' lang='lat' dir='ltr'>differentiae</span> <span class='ocrx_word' id='word_1_164' title='bbox 573 1677 673 1714; x_wconf 87' lang='lat' dir='ltr'>inter</span> <span class='ocrx_word' id='word_1_165' title='bbox 701 1677 906 1714; x_wconf 85' lang='lat' dir='ltr'>diametros</span> <span class='ocrx_word' id='word_1_166' title='bbox 924 1677 973 1714; x_wconf 91' lang='lat' dir='ltr'>ad</span> <span class='ocrx_word' id='word_1_167' title='bbox 992 1689 1155 1725; x_wconf 88' lang='lat' dir='ltr'>perpen-</span> 
     </span>
     <span class='ocr_line' id='line_1_21' title="bbox 114 1729 1157 1778; baseline 0 -10"><span class='ocrx_word' id='word_1_168' title='bbox 114 1731 289 1769; x_wconf 90' lang='lat' dir='ltr'>diculum</span> <span class='ocrx_word' id='word_1_169' title='bbox 309 1738 490 1778; x_wconf 89' lang='lat' dir='ltr'>sumptas,</span> <span class='ocrx_word' id='word_1_170' title='bbox 512 1737 550 1768; x_wconf 90' lang='lat' dir='ltr'>et</span> <span class='ocrx_word' id='word_1_171' title='bbox 568 1730 772 1768; x_wconf 87' lang='lat' dir='ltr'>diametros</span> <span class='ocrx_word' id='word_1_172' title='bbox 789 1729 1003 1767; x_wconf 85' lang='lat' dir='ltr'>secundum</span> <span class='ocrx_word' id='word_1_173' title='bbox 1016 1730 1157 1768; x_wconf 89' lang='lat' dir='ltr'>lineam</span> 
     </span>
     <span class='ocr_line' id='line_1_22' title="bbox 115 1784 1159 1833; baseline -0.002 -11"><span class='ocrx_word' id='word_1_174' title='bbox 115 1784 301 1822; x_wconf 90' lang='lat' dir='ltr'>horizonti</span> <span class='ocrx_word' id='word_1_175' title='bbox 322 1784 541 1833; x_wconf 89' lang='lat' dir='ltr'>parallelam</span> <span class='ocrx_word' id='word_1_176' title='bbox 556 1796 718 1821; x_wconf 89' lang='lat' dir='ltr'>mensas.</span> <span class='ocrx_word' id='word_1_177' title='bbox 782 1786 837 1821; x_wconf 83' lang='lat' dir='ltr'>At</span> <span class='ocrx_word' id='word_1_178' title='bbox 855 1791 998 1833; x_wconf 86' lang='lat' dir='ltr'>quanta</span> <span class='ocrx_word' id='word_1_179' title='bbox 1017 1785 1065 1821; x_wconf 87' lang='lat' dir='ltr'>sit</span> <span class='ocrx_word' id='word_1_180' title='bbox 1083 1784 1159 1820; x_wconf 87' lang='lat' dir='ltr'>dif-</span> 
     </span>
     <span class='ocr_line' id='line_1_23' title="bbox 117 1836 1161 1887; baseline -0.002 -11"><span class='ocrx_word' id='word_1_181' title='bbox 117 1837 278 1878; x_wconf 77' lang='lat' dir='ltr'>ferentia</span> <span class='ocrx_word' id='word_1_182' title='bbox 297 1837 396 1874; x_wconf 88' lang='lat' dir='ltr'>inter</span> <span class='ocrx_word' id='word_1_183' title='bbox 414 1850 524 1887; x_wconf 83' lang='lat' dir='ltr'>aquae</span> <span class='ocrx_word' id='word_1_184' title='bbox 543 1836 820 1874; x_wconf 65' lang='lat' dir='ltr'>contractiones</span> <span class='ocrx_word' id='word_1_185' title='bbox 849 1850 927 1873; x_wconf 89' lang='lat' dir='ltr'>non</span> <span class='ocrx_word' id='word_1_186' title='bbox 947 1837 1071 1874; x_wconf 88' lang='lat' dir='ltr'>ausim</span> <span class='ocrx_word' id='word_1_187' title='bbox 1090 1837 1161 1875; x_wconf 90' lang='lat' dir='ltr'>de-</span> 
     </span>
     <span class='ocr_line' id='line_1_24' title="bbox 116 1890 1161 1940; baseline -0.002 -11"><span class='ocrx_word' id='word_1_188' title='bbox 116 1891 249 1936; x_wconf 83' lang='lat' dir='ltr'>finire3</span> <span class='ocrx_word' id='word_1_189' title='bbox 285 1903 409 1940; x_wconf 88' lang='lat' dir='ltr'>neque</span> <span class='ocrx_word' id='word_1_190' title='bbox 441 1890 530 1928; x_wconf 78' lang='lat' dir='ltr'>vero</span> <span class='ocrx_word' id='word_1_191' title='bbox 558 1890 624 1927; x_wconf 81' lang='lat' dir='ltr'>illa</span> <span class='ocrx_word' id='word_1_192' title='bbox 656 1890 912 1927; x_wconf 86' lang='lat' dir='ltr'>Newtoniana</span> <span class='ocrx_word' id='word_1_193' title='bbox 938 1891 1035 1927; x_wconf 87' lang='lat' dir='ltr'>ratio</span> <span class='ocrx_word' id='word_1_194' title='bbox 1061 1890 1161 1927; x_wconf 89' lang='lat' dir='ltr'>inter</span> 
     </span>
     <span class='ocr_line' id='line_1_25' title="bbox 116 1943 1160 1993; baseline -0.002 -11"><span class='ocrx_word' id='word_1_195' title='bbox 116 1944 348 1982; x_wconf 86' lang='lat' dir='ltr'>diametrum</span> <span class='ocrx_word' id='word_1_196' title='bbox 375 1943 573 1981; x_wconf 85' lang='lat' dir='ltr'>foraminis</span> <span class='ocrx_word' id='word_1_197' title='bbox 592 1951 631 1981; x_wconf 90' lang='lat' dir='ltr'>et</span> <span class='ocrx_word' id='word_1_198' title='bbox 649 1944 853 1981; x_wconf 88' lang='lat' dir='ltr'>contractae</span> <span class='ocrx_word' id='word_1_199' title='bbox 879 1956 988 1993; x_wconf 88' lang='lat' dir='ltr'>aquae</span> <span class='ocrx_word' id='word_1_200' title='bbox 1015 1943 1160 1981; x_wconf 82' lang='lat' dir='ltr'>diame-</span> 
     </span>
     <span class='ocr_line' id='line_1_26' title="bbox 116 1994 1159 2045; baseline -0.002 -10"><span class='ocrx_word' id='word_1_201' title='bbox 116 2006 220 2035; x_wconf 85' lang='lat' dir='ltr'>trum</span> <span class='ocrx_word' id='word_1_202' title='bbox 241 1997 340 2033; x_wconf 90' lang='lat' dir='ltr'>sumi</span> <span class='ocrx_word' id='word_1_203' title='bbox 361 1996 472 2034; x_wconf 89' lang='lat' dir='ltr'>debet</span> <span class='ocrx_word' id='word_1_204' title='bbox 490 2009 561 2034; x_wconf 88' lang='lat' dir='ltr'>ceu</span> <span class='ocrx_word' id='word_1_205' title='bbox 581 1998 750 2045; x_wconf 89' lang='lat' dir='ltr'>praecisa,</span> <span class='ocrx_word' id='word_1_206' title='bbox 771 1994 862 2033; x_wconf 73' lang='lat' dir='ltr'>cum</span> <span class='ocrx_word' id='word_1_207' title='bbox 881 1997 961 2045; x_wconf 81' lang='lat' dir='ltr'>ipse</span> <span class='ocrx_word' id='word_1_208' title='bbox 981 1997 1036 2033; x_wconf 90' lang='lat' dir='ltr'>vir</span> <span class='ocrx_word' id='word_1_209' title='bbox 1053 2010 1159 2033; x_wconf 79' lang='lat' dir='ltr'>sum-</span> 
     </span>
     <span class='ocr_line' id='line_1_27' title="bbox 117 2049 1162 2100; baseline -0.002 -11"><span class='ocrx_word' id='word_1_210' title='bbox 117 2064 205 2089; x_wconf 89' lang='lat' dir='ltr'>mus</span> <span class='ocrx_word' id='word_1_211' title='bbox 232 2049 273 2085; x_wconf 91' lang='lat' dir='ltr'>in</span> <span class='ocrx_word' id='word_1_212' title='bbox 301 2052 417 2087; x_wconf 86' lang='lat' dir='ltr'>citato</span> <span class='ocrx_word' id='word_1_213' title='bbox 436 2062 549 2098; x_wconf 84' lang='lat' dir='ltr'>opere</span> <span class='ocrx_word' id='word_1_214' title='bbox 566 2051 649 2088; x_wconf 83' lang='lat' dir='ltr'>haec</span> <span class='ocrx_word' id='word_1_215' title='bbox 676 2051 835 2096; x_wconf 82' lang='lat' dir='ltr'>habeat3</span> <span class='ocrx_word' id='word_1_216' title='bbox 866 2051 1051 2087; x_wconf 82' lang='lat' dir='ltr'>existente</span> <span class='ocrx_word' id='word_1_217' title='bbox 1078 2051 1162 2100; x_wconf 83' lang='lat' dir='ltr'>ejus</span> 
     </span>
     <span class='ocr_line' id='line_1_28' title="bbox 120 2102 1160 2155; baseline 0 -15"><span class='ocrx_word' id='word_1_218' title='bbox 120 2102 277 2155; x_wconf 69' lang='lat' dir='ltr'>(nempe</span> <span class='ocrx_word' id='word_1_219' title='bbox 297 2116 407 2153; x_wconf 88' lang='lat' dir='ltr'>aquae</span> <span class='ocrx_word' id='word_1_220' title='bbox 426 2104 646 2153; x_wconf 80' lang='lat' dir='ltr'>contractae)</span> <span class='ocrx_word' id='word_1_221' title='bbox 665 2104 852 2141; x_wconf 88' lang='lat' dir='ltr'>diametro</span> <span class='ocrx_word' id='word_1_222' title='bbox 866 2103 914 2140; x_wconf 91' lang='lat' dir='ltr'>ad</span> <span class='ocrx_word' id='word_1_223' title='bbox 929 2104 1160 2145; x_wconf 87' lang='lat' dir='ltr'>diametrum</span> 
     </span>
     <span class='ocr_line' id='line_1_29' title="bbox 117 2156 1162 2208; baseline 0 -14"><span class='ocrx_word' id='word_1_224' title='bbox 117 2157 318 2195; x_wconf 83' lang='lat' dir='ltr'>foraminis</span> <span class='ocrx_word' id='word_1_225' title='bbox 337 2164 381 2194; x_wconf 91' lang='lat' dir='ltr'>ut</span> <span class='ocrx_word' id='word_1_226' title='bbox 400 2160 423 2195; x_wconf 93' lang='lat'><em>5</em></span> <span class='ocrx_word' id='word_1_227' title='bbox 443 2156 492 2193; x_wconf 90' lang='lat' dir='ltr'>ad</span> <span class='ocrx_word' id='word_1_228' title='bbox 512 2162 548 2201; x_wconf 85' lang='lat'>6,</span> <span class='ocrx_word' id='word_1_229' title='bbox 571 2157 630 2194; x_wconf 89' lang='lat' dir='ltr'>vel</span> <span class='ocrx_word' id='word_1_230' title='bbox 650 2161 673 2196; x_wconf 91' lang='lat'><em>5</em></span> <span class='ocrx_word' id='word_1_231' title='bbox 694 2165 732 2194; x_wconf 86' lang='lat' dir='ltr'>et</span> <span class='ocrx_word' id='word_1_232' title='bbox 750 2157 777 2208; x_wconf 58' lang='grc' dir='ltr'><strong>ὲ</strong></span> <span class='ocrx_word' id='word_1_233' title='bbox 796 2156 846 2194; x_wconf 87' lang='lat' dir='ltr'>ad</span> <span class='ocrx_word' id='word_1_234' title='bbox 865 2162 888 2195; x_wconf 85' lang='lat'>6</span> <span class='ocrx_word' id='word_1_235' title='bbox 909 2165 946 2194; x_wconf 89' lang='lat' dir='ltr'>et</span> <span class='ocrx_word' id='word_1_236' title='bbox 965 2157 1006 2207; x_wconf 55' lang='grc' dir='ltr'>ἦ,</span> <span class='ocrx_word' id='word_1_237' title='bbox 1027 2170 1162 2206; x_wconf 81' lang='lat' dir='ltr'>quam-</span> 
     </span>
     <span class='ocr_line' id='line_1_30' title="bbox 119 2208 1163 2259; baseline 0 -12"><span class='ocrx_word' id='word_1_238' title='bbox 119 2209 304 2259; x_wconf 73' lang='lat' dir='ltr'>proxime,</span> <span class='ocrx_word' id='word_1_239' title='bbox 352 2210 383 2247; x_wconf 84' lang='lat' dir='ltr'>si</span> <span class='ocrx_word' id='word_1_240' title='bbox 420 2209 537 2253; x_wconf 73' lang='lat' dir='ltr'>modo</span> <span class='ocrx_word' id='word_1_241' title='bbox 573 2209 778 2248; x_wconf 84' lang='lat' dir='ltr'>diametros</span> <span class='ocrx_word' id='word_1_242' title='bbox 818 2208 920 2248; x_wconf 75' lang='lat' dir='ltr'>recte</span> <span class='ocrx_word' id='word_1_243' title='bbox 966 2211 1163 2248; x_wconf 84' lang='lat' dir='ltr'>dimensus</span> 
     </span>
     <span class='ocr_line' id='line_1_31' title="bbox 119 2262 1156 2313; baseline 0 -13"><span class='ocrx_word' id='word_1_244' title='bbox 119 2264 251 2301; x_wconf 88' lang='lat' dir='ltr'>sum.&#39;’</span> <span class='ocrx_word' id='word_1_245' title='bbox 313 2262 560 2300; x_wconf 86' lang='lat' dir='ltr'>Bernoullius</span> <span class='ocrx_word' id='word_1_246' title='bbox 593 2262 680 2301; x_wconf 75' lang='lat' dir='ltr'>vero</span> <span class='ocrx_word' id='word_1_247' title='bbox 716 2265 812 2301; x_wconf 86' lang='lat' dir='ltr'>Sect.</span> <span class='ocrx_word' id='word_1_248' title='bbox 848 2263 924 2300; x_wconf 90' lang='lat' dir='ltr'>IV.</span> <span class='ocrx_word' id='word_1_249' title='bbox 959 2276 1085 2313; x_wconf 81' lang='lat' dir='ltr'>parag.</span> <span class='ocrx_word' id='word_1_250' title='bbox 1122 2267 1156 2302; x_wconf 91' lang='grc'>7.</span> 
     </span>
     <span class='ocr_line' id='line_1_32' title="bbox 119 2315 1159 2364; baseline -0.001 -11"><span class='ocrx_word' id='word_1_251' title='bbox 119 2318 201 2354; x_wconf 81' lang='lat' dir='ltr'>haec</span> <span class='ocrx_word' id='word_1_252' title='bbox 234 2317 372 2363; x_wconf 88' lang='lat' dir='ltr'>habet;</span> <span class='ocrx_word' id='word_1_253' title='bbox 408 2315 606 2353; x_wconf 87' lang='lat' dir='ltr'>“interim</span> <span class='ocrx_word' id='word_1_254' title='bbox 635 2318 839 2364; x_wconf 84' lang='lat' dir='ltr'>assumptis</span> <span class='ocrx_word' id='word_1_255' title='bbox 865 2315 1008 2352; x_wconf 71' lang='lat' dir='ltr'>lamina</span> <span class='ocrx_word' id='word_1_256' title='bbox 1039 2317 1159 2362; x_wconf 89' lang='lat' dir='ltr'>tenui,</span> 
     </span>
     <span class='ocr_line' id='line_1_33' title="bbox 119 2368 1160 2418; baseline -0.001 -11"><span class='ocrx_word' id='word_1_257' title='bbox 119 2382 206 2407; x_wconf 83' lang='lat' dir='ltr'>vase</span> <span class='ocrx_word' id='word_1_258' title='bbox 233 2369 482 2418; x_wconf 87' lang='lat' dir='ltr'>amplissimo,</span> <span class='ocrx_word' id='word_1_259' title='bbox 517 2369 705 2407; x_wconf 85' lang='lat' dir='ltr'>foramine</span> <span class='ocrx_word' id='word_1_260' title='bbox 732 2370 781 2407; x_wconf 88' lang='lat' dir='ltr'>ad</span> <span class='ocrx_word' id='word_1_261' title='bbox 800 2374 826 2406; x_wconf 89' lang='lat'>4</span> <span class='ocrx_word' id='word_1_262' title='bbox 845 2369 905 2405; x_wconf 86' lang='lat' dir='ltr'>vel</span> <span class='ocrx_word' id='word_1_263' title='bbox 924 2368 1093 2407; x_wconf 77' lang='lat' dir='ltr'>6‘lineas</span> <span class='ocrx_word' id='word_1_264' title='bbox 1119 2370 1160 2406; x_wconf 89' lang='lat' dir='ltr'>in</span> 
     </span>
     <span class='ocr_line' id='line_1_34' title="bbox 119 2420 1162 2475; baseline 0.001 -16"><span class='ocrx_word' id='word_1_265' title='bbox 119 2422 306 2460; x_wconf 88' lang='lat' dir='ltr'>diametro</span> <span class='ocrx_word' id='word_1_266' title='bbox 325 2430 560 2472; x_wconf 86' lang='lat' dir='ltr'>assurgente,</span> <span class='ocrx_word' id='word_1_267' title='bbox 583 2422 687 2475; x_wconf 35' lang='lat' dir='ltr'>solet·</span> <span class='ocrx_word' id='word_1_268' title='bbox 698 2424 795 2460; x_wconf 89' lang='lat' dir='ltr'>ratio</span> <span class='ocrx_word' id='word_1_269' title='bbox 813 2422 912 2459; x_wconf 88' lang='lat' dir='ltr'>inter</span> <span class='ocrx_word' id='word_1_270' title='bbox 930 2420 1103 2459; x_wconf 88' lang='lat' dir='ltr'>foramen</span> <span class='ocrx_word' id='word_1_271' title='bbox 1122 2430 1162 2460; x_wconf 90' lang='lat' dir='ltr'>et</span> 
     </span>
     <span class='ocr_line' id='line_1_35' title="bbox 120 2475 1163 2513; baseline 0 0"><span class='ocrx_word' id='word_1_272' title='bbox 120 2475 328 2513; x_wconf 82' lang='lat' dir='ltr'>sectionem</span> <span class='ocrx_word' id='word_1_273' title='bbox 349 2488 456 2512; x_wconf 88' lang='lat' dir='ltr'>venae</span> <span class='ocrx_word' id='word_1_274' title='bbox 475 2483 679 2513; x_wconf 79' lang='lat' dir='ltr'>contractae</span> <span class='ocrx_word' id='word_1_275' title='bbox 698 2488 778 2513; x_wconf 89' lang='lat' dir='ltr'>non</span> <span class='ocrx_word' id='word_1_276' title='bbox 796 2476 968 2512; x_wconf 89' lang='lat' dir='ltr'>multum</span> <span class='ocrx_word' id='word_1_277' title='bbox 986 2475 1163 2513; x_wconf 81' lang='lat' dir='ltr'>recedere</span> 
     </span>
     <span class='ocr_line' id='line_1_36' title="bbox 119 2526 1160 2578; baseline 0 -13"><span class='ocrx_word' id='word_1_278' title='bbox 119 2530 167 2566; x_wconf 91' lang='lat' dir='ltr'>ab</span> <span class='ocrx_word' id='word_1_279' title='bbox 187 2526 252 2565; x_wconf 69' lang='lat' dir='ltr'>illa</span> <span class='ocrx_word' id='word_1_280' title='bbox 271 2541 388 2578; x_wconf 88' lang='lat' dir='ltr'>quam</span> <span class='ocrx_word' id='word_1_281' title='bbox 411 2529 447 2565; x_wconf 88' lang='lat' dir='ltr'>N</span> <span class='ocrx_word' id='word_1_282' title='bbox 451 2536 623 2565; x_wconf 91' lang='lat' dir='ltr'>ewtonus</span> <span class='ocrx_word' id='word_1_283' title='bbox 642 2529 816 2566; x_wconf 74' lang='lat' dir='ltr'>statuit-&#39;²</span> <span class='ocrx_word' id='word_1_284' title='bbox 854 2528 1003 2566; x_wconf 74' lang='lat' dir='ltr'>Verum</span> <span class='ocrx_word' id='word_1_285' title='bbox 1018 2529 1160 2565; x_wconf 82' lang='lat' dir='ltr'>utrius-</span> 
     </span>
     <span class='ocr_line' id='line_1_37' title="bbox 118 2581 1162 2632; baseline 0 -14"><span class='ocrx_word' id='word_1_286' title='bbox 118 2594 195 2632; x_wconf 92' lang='lat' dir='ltr'>que</span> <span class='ocrx_word' id='word_1_287' title='bbox 214 2581 383 2619; x_wconf 84' lang='lat' dir='ltr'>authoris</span> <span class='ocrx_word' id='word_1_288' title='bbox 402 2581 661 2629; x_wconf 83' lang='lat' dir='ltr'>experimenta</span> <span class='ocrx_word' id='word_1_289' title='bbox 679 2582 953 2627; x_wconf 88' lang='lat' dir='ltr'>demonstrant,</span> <span class='ocrx_word' id='word_1_290' title='bbox 974 2582 1162 2619; x_wconf 85' lang='lat' dir='ltr'>rationem</span> 
     </span>
     <span class='ocr_line' id='line_1_38' title="bbox 118 2634 1162 2673; baseline 0 -2"><span class='ocrx_word' id='word_1_291' title='bbox 118 2635 226 2672; x_wconf 88' lang='lat' dir='ltr'>illam</span> <span class='ocrx_word' id='word_1_292' title='bbox 260 2634 434 2671; x_wconf 86' lang='lat' dir='ltr'>diametri</span> <span class='ocrx_word' id='word_1_293' title='bbox 464 2647 571 2670; x_wconf 87' lang='lat' dir='ltr'>venae</span> <span class='ocrx_word' id='word_1_294' title='bbox 609 2644 813 2672; x_wconf 64' lang='lat' dir='ltr'>contractae</span> <span class='ocrx_word' id='word_1_295' title='bbox 844 2637 893 2673; x_wconf 88' lang='lat' dir='ltr'>ad</span> <span class='ocrx_word' id='word_1_296' title='bbox 931 2635 1162 2672; x_wconf 80' lang='lat' dir='ltr'>diametrum</span> 
     </span>
     <span class='ocr_line' id='line_1_39' title="bbox 119 2687 1161 2738; baseline -0.001 -14"><span class='ocrx_word' id='word_1_297' title='bbox 119 2687 316 2725; x_wconf 79' lang='lat' dir='ltr'>foraminis</span> <span class='ocrx_word' id='word_1_298' title='bbox 335 2687 503 2724; x_wconf 90' lang='lat' dir='ltr'>multum</span> <span class='ocrx_word' id='word_1_299' title='bbox 524 2688 669 2732; x_wconf 82' lang='lat' dir='ltr'>variari,</span> <span class='ocrx_word' id='word_1_300' title='bbox 691 2689 719 2724; x_wconf 89' lang='lat' dir='ltr'>si</span> <span class='ocrx_word' id='word_1_301' title='bbox 742 2701 808 2736; x_wconf 86' lang='lat' dir='ltr'>per</span> <span class='ocrx_word' id='word_1_302' title='bbox 827 2688 1015 2738; x_wconf 83' lang='lat' dir='ltr'>oblongos</span> <span class='ocrx_word' id='word_1_303' title='bbox 1029 2689 1161 2724; x_wconf 84' lang='lat' dir='ltr'>variae-</span> 
     </span>
     <span class='ocr_line' id='line_1_40' title="bbox 121 2740 1160 2791; baseline 0 -14"><span class='ocrx_word' id='word_1_304' title='bbox 121 2753 196 2790; x_wconf 89' lang='lat' dir='ltr'>que</span> <span class='ocrx_word' id='word_1_305' title='bbox 219 2740 354 2791; x_wconf 86' lang='lat' dir='ltr'>figurae</span> <span class='ocrx_word' id='word_1_306' title='bbox 382 2740 544 2784; x_wconf 88' lang='lat' dir='ltr'>canales,</span> <span class='ocrx_word' id='word_1_307' title='bbox 577 2753 656 2778; x_wconf 87' lang='lat' dir='ltr'>non</span> <span class='ocrx_word' id='word_1_308' title='bbox 686 2740 774 2779; x_wconf 75' lang='lat' dir='ltr'>vero</span> <span class='ocrx_word' id='word_1_309' title='bbox 802 2754 849 2778; x_wconf 84' lang='lat' dir='ltr'>ex</span> <span class='ocrx_word' id='word_1_310' title='bbox 877 2741 1041 2790; x_wconf 84' lang='lat' dir='ltr'>simplici</span> <span class='ocrx_word' id='word_1_311' title='bbox 1059 2741 1160 2778; x_wconf 84' lang='lat' dir='ltr'>fora·</span> 
     </span>
     <span class='ocr_line' id='line_1_41' title="bbox 119 2793 1162 2842; baseline 0.002 -13"><span class='ocrx_word' id='word_1_312' title='bbox 119 2794 225 2829; x_wconf 88' lang='lat' dir='ltr'>mine</span> <span class='ocrx_word' id='word_1_313' title='bbox 263 2795 301 2830; x_wconf 88' lang='lat' dir='ltr'>in</span> <span class='ocrx_word' id='word_1_314' title='bbox 341 2793 566 2830; x_wconf 69' lang='lat' dir='ltr'>tenuissima</span> <span class='ocrx_word' id='word_1_315' title='bbox 603 2794 749 2831; x_wconf 73' lang='lat' dir='ltr'>lamina</span> <span class='ocrx_word' id='word_1_316' title='bbox 785 2793 978 2842; x_wconf 88' lang='lat' dir='ltr'>insculpto</span> <span class='ocrx_word' id='word_1_317' title='bbox 1014 2807 1036 2831; x_wconf 91' lang='lat' dir='ltr'>e</span> <span class='ocrx_word' id='word_1_318' title='bbox 1074 2807 1162 2831; x_wconf 86' lang='lat' dir='ltr'>vase</span> 
     </span>
     <span class='ocr_line' id='line_1_42' title="bbox 120 2845 379 2896; baseline 0.004 -14"><span class='ocrx_word' id='word_1_319' title='bbox 120 2845 252 2884; x_wconf 88' lang='lat' dir='ltr'>effluat</span> <span class='ocrx_word' id='word_1_320' title='bbox 269 2859 379 2896; x_wconf 89' lang='lat' dir='ltr'>aqua.</span> 
     </span>
    </p>
   </div>
   <div class='ocr_carea' id='block_1_4' title="bbox 120 2914 1172 3547">
    <p class='ocr_par' dir='ltr' id='par_1_4' title="bbox 120 2914 1172 3547">
     <span class='ocr_line' id='line_1_43' title="bbox 176 2914 1158 2969; baseline 0.004 -18"><span class='ocrx_word' id='word_1_321' title='bbox 176 2914 233 2964; x_wconf 88' lang='lat'>(⁰)</span> <span class='ocrx_word' id='word_1_322' title='bbox 252 2917 273 2938; x_wconf 48' lang='grc' dir='ltr'>ἢ*</span> <span class='ocrx_word' id='word_1_323' title='bbox 297 2917 352 2952; x_wconf 78' lang='lat' dir='ltr'>Et</span> <span class='ocrx_word' id='word_1_324' title='bbox 385 2916 536 2953; x_wconf 67' lang='lat' dir='ltr'>celerior</span> <span class='ocrx_word' id='word_1_325' title='bbox 553 2918 609 2969; x_wconf 80' lang='lat' dir='ltr'>fit</span> <span class='ocrx_word' id='word_1_326' title='bbox 637 2916 754 2966; x_wconf 66' lang='lat' dir='ltr'>qudm</span> <span class='ocrx_word' id='word_1_327' title='bbox 782 2919 825 2956; x_wconf 83' lang='lat' dir='ltr'>in</span> <span class='ocrx_word' id='word_1_328' title='bbox 852 2920 928 2967; x_wconf 71' lang='lat' dir='ltr'>ipso</span> <span class='ocrx_word' id='word_1_329' title='bbox 944 2919 1158 2969; x_wconf 80' lang='lat' dir='ltr'>foramine.</span> 
     </span>
     <span class='ocr_line' id='line_1_44' title="bbox 126 2967 1164 3020; baseline 0.004 -16"><span class='ocrx_word' id='word_1_330' title='bbox 126 2967 231 3004; x_wconf 86' lang='lat' dir='ltr'>Nam</span> <span class='ocrx_word' id='word_1_331' title='bbox 262 2967 479 3006; x_wconf 80' lang='lat' dir='ltr'>velocitates</span> <span class='ocrx_word' id='word_1_332' title='bbox 512 2978 602 3006; x_wconf 87' lang='lat' dir='ltr'>sunt</span> <span class='ocrx_word' id='word_1_333' title='bbox 633 2969 824 3018; x_wconf 71' lang='lat' dir='ltr'>reciproce</span> <span class='ocrx_word' id='word_1_334' title='bbox 853 2978 897 3008; x_wconf 89' lang='lat' dir='ltr'>ut</span> <span class='ocrx_word' id='word_1_335' title='bbox 925 2971 1058 3008; x_wconf 89' lang='lat' dir='ltr'>circuli</span> <span class='ocrx_word' id='word_1_336' title='bbox 1097 2984 1164 3020; x_wconf 89' lang='lat' dir='ltr'>per</span> 
     </span>
     <span class='ocr_line' id='line_1_45' title="bbox 120 3020 1166 3074; baseline 0.003 -17"><span class='ocrx_word' id='word_1_337' title='bbox 120 3032 217 3070; x_wconf 80' lang='lat' dir='ltr'>quos</span> <span class='ocrx_word' id='word_1_338' title='bbox 235 3033 335 3071; x_wconf 89' lang='lat' dir='ltr'>aqua</span> <span class='ocrx_word' id='word_1_339' title='bbox 353 3020 490 3058; x_wconf 88' lang='lat' dir='ltr'>eodem</span> <span class='ocrx_word' id='word_1_340' title='bbox 509 3028 681 3071; x_wconf 86' lang='lat' dir='ltr'>tempore</span> <span class='ocrx_word' id='word_1_341' title='bbox 708 3023 843 3060; x_wconf 83' lang='lat' dir='ltr'>transit</span> <span class='ocrx_word' id='word_1_342' title='bbox 872 3025 1002 3074; x_wconf 86' lang='lat'>(171),</span> <span class='ocrx_word' id='word_1_343' title='bbox 1032 3025 1166 3062; x_wconf 87' lang='lat' dir='ltr'>circuli</span> 
     </span>
     <span class='ocr_line' id='line_1_46' title="bbox 121 3071 1167 3124; baseline 0.006 -15"><span class='ocrx_word' id='word_1_344' title='bbox 121 3071 212 3111; x_wconf 73' lang='lat' dir='ltr'>vero</span> <span class='ocrx_word' id='word_1_345' title='bbox 232 3082 322 3111; x_wconf 87' lang='lat' dir='ltr'>sunt</span> <span class='ocrx_word' id='word_1_346' title='bbox 342 3073 382 3110; x_wconf 87' lang='lat' dir='ltr'>in</span> <span class='ocrx_word' id='word_1_347' title='bbox 403 3074 547 3111; x_wconf 85' lang='lat' dir='ltr'>ratione</span> <span class='ocrx_word' id='word_1_348' title='bbox 575 3075 771 3123; x_wconf 68' lang='lat' dir='ltr'>duplicata</span> <span class='ocrx_word' id='word_1_349' title='bbox 798 3076 1099 3124; x_wconf 89' lang='lat' dir='ltr'>diametrorum;</span> <span class='ocrx_word' id='word_1_350' title='bbox 1129 3087 1167 3115; x_wconf 88' lang='lat' dir='ltr'>et</span> 
     </span>
     <span class='ocr_line' id='line_1_47' title="bbox 122 3125 1166 3177; baseline 0.005 -15"><span class='ocrx_word' id='word_1_351' title='bbox 122 3125 211 3164; x_wconf 76' lang='lat' dir='ltr'>ideo</span> <span class='ocrx_word' id='word_1_352' title='bbox 243 3126 423 3164; x_wconf 89' lang='lat' dir='ltr'>velocitas</span> <span class='ocrx_word' id='word_1_353' title='bbox 455 3140 565 3177; x_wconf 90' lang='lat' dir='ltr'>aquae</span> <span class='ocrx_word' id='word_1_354' title='bbox 598 3141 665 3176; x_wconf 86' lang='lat' dir='ltr'>per</span> <span class='ocrx_word' id='word_1_355' title='bbox 697 3130 904 3167; x_wconf 87' lang='lat' dir='ltr'>sectionem</span> <span class='ocrx_word' id='word_1_356' title='bbox 942 3131 1166 3168; x_wconf 84' lang='lat' dir='ltr'>circularem</span> 
     </span>
     <span class='ocr_line' id='line_1_48' title="bbox 123 3181 1165 3221; baseline 0.006 -6"><span class='ocrx_word' id='word_1_357' title='bbox 123 3191 231 3216; x_wconf 82' lang='lat' dir='ltr'>venae</span> <span class='ocrx_word' id='word_1_358' title='bbox 260 3187 464 3217; x_wconf 80' lang='lat' dir='ltr'>contractae</span> <span class='ocrx_word' id='word_1_359' title='bbox 488 3181 726 3220; x_wconf 56' lang='lat' dir='ltr'>¹transeuntis</span> <span class='ocrx_word' id='word_1_360' title='bbox 753 3191 809 3220; x_wconf 92' lang='lat' dir='ltr'>est</span> <span class='ocrx_word' id='word_1_361' title='bbox 838 3183 886 3220; x_wconf 86' lang='lat' dir='ltr'>ad</span> <span class='ocrx_word' id='word_1_362' title='bbox 924 3183 1165 3221; x_wconf 78' lang='lat' dir='ltr'>velocitatem</span> 
     </span>
     <span class='ocr_line' id='line_1_49' title="bbox 123 3231 1159 3284; baseline 0.005 -15"><span class='ocrx_word' id='word_1_363' title='bbox 123 3232 234 3282; x_wconf 64' lang='lat' dir='ltr'>aquae</span> <span class='ocrx_word' id='word_1_364' title='bbox 261 3231 335 3280; x_wconf 80' lang='lat' dir='ltr'>per</span> <span class='ocrx_word' id='word_1_365' title='bbox 356 3233 529 3284; x_wconf 86' lang='lat' dir='ltr'>foramen</span> <span class='ocrx_word' id='word_1_366' title='bbox 557 3234 752 3272; x_wconf 89' lang='lat' dir='ltr'>effluentis</span> <span class='ocrx_word' id='word_1_367' title='bbox 770 3243 815 3273; x_wconf 88' lang='lat' dir='ltr'>ut</span> <span class='ocrx_word' id='word_1_368' title='bbox 835 3240 883 3274; x_wconf 88' lang='grc'>25</span> <span class='ocrx_word' id='word_1_369' title='bbox 910 3241 950 3282; x_wconf 92' lang='grc'>&gt;&lt;</span> <span class='ocrx_word' id='word_1_370' title='bbox 976 3242 1024 3273; x_wconf 73' lang='grc'>25</span> <span class='ocrx_word' id='word_1_371' title='bbox 1045 3236 1094 3274; x_wconf 90' lang='lat' dir='ltr'>ad</span> <span class='ocrx_word' id='word_1_372' title='bbox 1115 3241 1159 3274; x_wconf 87' lang='grc'>21</span> 
     </span>
     <span class='ocr_line' id='line_1_50' title="bbox 128 3286 1164 3341; baseline 0.005 -21"><span class='ocrx_word' id='word_1_373' title='bbox 128 3291 170 3331; x_wconf 86' lang='grc' dir='ltr'>χ</span> <span class='ocrx_word' id='word_1_374' title='bbox 195 3289 241 3322; x_wconf 78' lang='grc'>21</span> <span class='ocrx_word' id='word_1_375' title='bbox 263 3286 337 3322; x_wconf 89' lang='lat' dir='ltr'>hoc</span> <span class='ocrx_word' id='word_1_376' title='bbox 356 3295 422 3329; x_wconf 89' lang='lat' dir='ltr'>est,</span> <span class='ocrx_word' id='word_1_377' title='bbox 446 3290 522 3325; x_wconf 91' lang='grc'>625</span> <span class='ocrx_word' id='word_1_378' title='bbox 543 3288 590 3325; x_wconf 91' lang='lat' dir='ltr'>ad</span> <span class='ocrx_word' id='word_1_379' title='bbox 611 3293 713 3335; x_wconf 78' lang='lat'>4413</span> <span class='ocrx_word' id='word_1_380' title='bbox 747 3288 851 3338; x_wconf 91' lang='lat' dir='ltr'>quod</span> <span class='ocrx_word' id='word_1_381' title='bbox 871 3297 1080 3341; x_wconf 85' lang='lat' dir='ltr'>utrumque</span> <span class='ocrx_word' id='word_1_382' title='bbox 1107 3290 1164 3327; x_wconf 84' lang='lat' dir='ltr'>di-</span> 
     </span>
     <span class='ocr_line' id='line_1_51' title="bbox 124 3338 1164 3388; baseline 0.006 -14"><span class='ocrx_word' id='word_1_383' title='bbox 124 3338 249 3375; x_wconf 88' lang='lat' dir='ltr'>visum</span> <span class='ocrx_word' id='word_1_384' title='bbox 269 3350 337 3386; x_wconf 88' lang='lat' dir='ltr'>per</span> <span class='ocrx_word' id='word_1_385' title='bbox 356 3341 405 3376; x_wconf 82' lang='lat'>37</span> <span class='ocrx_word' id='word_1_386' title='bbox 426 3338 491 3376; x_wconf 89' lang='lat' dir='ltr'>dat</span> <span class='ocrx_word' id='word_1_387' title='bbox 509 3340 695 3378; x_wconf 87' lang='lat' dir='ltr'>rationem</span> <span class='ocrx_word' id='word_1_388' title='bbox 719 3344 764 3380; x_wconf 90' lang='lat'>17</span> <span class='ocrx_word' id='word_1_389' title='bbox 784 3341 833 3379; x_wconf 88' lang='lat' dir='ltr'>ad</span> <span class='ocrx_word' id='word_1_390' title='bbox 856 3347 915 3388; x_wconf 84' lang='grc'>12,</span> <span class='ocrx_word' id='word_1_391' title='bbox 936 3343 994 3379; x_wconf 87' lang='lat' dir='ltr'>vel</span> <span class='ocrx_word' id='word_1_392' title='bbox 1016 3351 1164 3380; x_wconf 90' lang='lat' dir='ltr'>utrum-</span> 
     </span>
     <span class='ocr_line' id='line_1_52' title="bbox 125 3390 1170 3442; baseline 0.006 -15"><span class='ocrx_word' id='word_1_393' title='bbox 125 3403 201 3442; x_wconf 91' lang='lat' dir='ltr'>que</span> <span class='ocrx_word' id='word_1_394' title='bbox 220 3390 384 3428; x_wconf 85' lang='lat' dir='ltr'>divisum</span> <span class='ocrx_word' id='word_1_395' title='bbox 405 3404 473 3438; x_wconf 87' lang='lat' dir='ltr'>per</span> <span class='ocrx_word' id='word_1_396' title='bbox 491 3397 582 3439; x_wconf 82' lang='lat'>441,</span> <span class='ocrx_word' id='word_1_397' title='bbox 612 3393 679 3431; x_wconf 86' lang='lat' dir='ltr'>dat</span> <span class='ocrx_word' id='word_1_398' title='bbox 697 3395 884 3433; x_wconf 87' lang='lat' dir='ltr'>rationem</span> <span class='ocrx_word' id='word_1_399' title='bbox 908 3400 1011 3442; x_wconf 85' lang='lat' dir='ltr'>l.41,</span> <span class='ocrx_word' id='word_1_400' title='bbox 1032 3398 1100 3433; x_wconf 78' lang='grc' dir='ltr'><em>διε.</em></span> <span class='ocrx_word' id='word_1_401' title='bbox 1121 3395 1170 3433; x_wconf 88' lang='lat' dir='ltr'>ad</span> 
     </span>
     <span class='ocr_line' id='line_1_53' title="bbox 130 3443 1172 3494; baseline 0.008 -14"><span class='ocrx_word' id='word_1_402' title='bbox 130 3449 163 3487; x_wconf 91' lang='lat'>1,</span> <span class='ocrx_word' id='word_1_403' title='bbox 199 3451 256 3481; x_wconf 90' lang='lat' dir='ltr'>est</span> <span class='ocrx_word' id='word_1_404' title='bbox 283 3443 371 3481; x_wconf 77' lang='lat' dir='ltr'>vero</span> <span class='ocrx_word' id='word_1_405' title='bbox 397 3444 503 3482; x_wconf 84' lang='lat' dir='ltr'>radix</span> <span class='ocrx_word' id='word_1_406' title='bbox 533 3445 671 3483; x_wconf 89' lang='lat' dir='ltr'>binarii</span> <span class='ocrx_word' id='word_1_407' title='bbox 698 3449 849 3485; x_wconf 90' lang='lat' dir='ltr'>numeri</span> <span class='ocrx_word' id='word_1_408' title='bbox 878 3453 975 3494; x_wconf 74' lang='lat' dir='ltr'>lAl,</span> <span class='ocrx_word' id='word_1_409' title='bbox 1005 3450 1084 3492; x_wconf 84' lang='lat' dir='ltr'>&amp;c.,</span> <span class='ocrx_word' id='word_1_410' title='bbox 1114 3457 1172 3488; x_wconf 85' lang='lat' dir='ltr'>est</span> 
     </span>
     <span class='ocr_line' id='line_1_54' title="bbox 127 3497 1171 3547; baseline 0.005 -12"><span class='ocrx_word' id='word_1_411' title='bbox 127 3509 220 3547; x_wconf 82' lang='lat' dir='ltr'>ergo</span> <span class='ocrx_word' id='word_1_412' title='bbox 250 3497 430 3534; x_wconf 85' lang='lat' dir='ltr'>velocitas</span> <span class='ocrx_word' id='word_1_413' title='bbox 462 3511 571 3547; x_wconf 81' lang='lat' dir='ltr'>aquae</span> <span class='ocrx_word' id='word_1_414' title='bbox 599 3512 667 3547; x_wconf 87' lang='lat' dir='ltr'>per</span> <span class='ocrx_word' id='word_1_415' title='bbox 692 3510 830 3538; x_wconf 87' lang='lat' dir='ltr'>venam</span> <span class='ocrx_word' id='word_1_416' title='bbox 860 3509 1095 3539; x_wconf 89' lang='lat' dir='ltr'>contractam</span> <span class='ocrx_word' id='word_1_417' title='bbox 1123 3503 1171 3540; x_wconf 91' lang='lat' dir='ltr'>ad</span> 
     </span>
    </p>
   </div>
   <div class='ocr_carea' id='block_1_5' title="bbox 126 3550 1172 3643">
    <p class='ocr_par' dir='ltr' id='par_1_5' title="bbox 126 3550 1172 3643">
     <span class='ocr_line' id='line_1_55' title="bbox 126 3550 1172 3599; baseline 0.008 -14"><span class='ocrx_word' id='word_1_418' title='bbox 126 3550 367 3587; x_wconf 88' lang='lat' dir='ltr'>velocitatem</span> <span class='ocrx_word' id='word_1_419' title='bbox 388 3563 456 3599; x_wconf 91' lang='lat' dir='ltr'>per</span> <span class='ocrx_word' id='word_1_420' title='bbox 473 3551 649 3589; x_wconf 87' lang='lat' dir='ltr'>foramen</span> <span class='ocrx_word' id='word_1_421' title='bbox 668 3552 708 3590; x_wconf 87' lang='lat' dir='ltr'>in</span> <span class='ocrx_word' id='word_1_422' title='bbox 724 3555 870 3592; x_wconf 81' lang='lat' dir='ltr'>ratione</span> <span class='ocrx_word' id='word_1_423' title='bbox 884 3554 1022 3592; x_wconf 78' lang='lat' dir='ltr'>radicis</span> <span class='ocrx_word' id='word_1_424' title='bbox 1035 3555 1172 3593; x_wconf 91' lang='lat' dir='ltr'>binarii</span> 
     </span>
     <span class='ocr_line' id='line_1_56' title="bbox 128 3603 566 3643; baseline 0.007 -5"><span class='ocrx_word' id='word_1_425' title='bbox 128 3603 281 3639; x_wconf 89' lang='lat' dir='ltr'>numeri</span> <span class='ocrx_word' id='word_1_426' title='bbox 299 3603 348 3643; x_wconf 87' lang='lat' dir='ltr'>ad</span> <span class='ocrx_word' id='word_1_427' title='bbox 369 3605 566 3641; x_wconf 88' lang='lat' dir='ltr'>unitatem.</span> 
     </span>
    </p>
   </div>
   <div class='ocr_carea' id='block_1_6' title="bbox 129 3661 1178 3880">
    <p class='ocr_par' dir='ltr' id='par_1_6' title="bbox 129 3661 1178 3880">
     <span class='ocr_line' id='line_1_57' title="bbox 197 3661 1176 3713; baseline 0.007 -14"><span class='ocrx_word' id='word_1_428' title='bbox 197 3661 252 3712; x_wconf 66' lang='grc' dir='ltr'>(Ρ)</span> <span class='ocrx_word' id='word_1_429' title='bbox 295 3665 372 3700; x_wconf 85' lang='lat' dir='ltr'>Per</span> <span class='ocrx_word' id='word_1_430' title='bbox 417 3666 673 3713; x_wconf 70' lang='lat' dir='ltr'>experimenta</span> <span class='ocrx_word' id='word_1_431' title='bbox 715 3666 801 3704; x_wconf 69' lang='lat' dir='ltr'>verb</span> <span class='ocrx_word' id='word_1_432' title='bbox 849 3675 1005 3707; x_wconf 63' lang='lat' dir='ltr'>conatae.</span> <span class='ocrx_word' id='word_1_433' title='bbox 1069 3667 1176 3707; x_wconf 71' lang='lat' dir='ltr'>Data</span> 
     </span>
     <span class='ocr_line' id='line_1_58' title="bbox 130 3715 1176 3770; baseline 0.01 -21"><span class='ocrx_word' id='word_1_434' title='bbox 130 3715 342 3764; x_wconf 85' lang='lat' dir='ltr'>quantitate</span> <span class='ocrx_word' id='word_1_435' title='bbox 369 3729 480 3764; x_wconf 85' lang='lat' dir='ltr'>aquae</span> <span class='ocrx_word' id='word_1_436' title='bbox 500 3730 567 3765; x_wconf 88' lang='lat' dir='ltr'>per</span> <span class='ocrx_word' id='word_1_437' title='bbox 587 3717 721 3756; x_wconf 81' lang='lat' dir='ltr'>datum</span> <span class='ocrx_word' id='word_1_438' title='bbox 741 3720 918 3757; x_wconf 81' lang='lat' dir='ltr'>foramen</span> <span class='ocrx_word' id='word_1_439' title='bbox 937 3734 1005 3758; x_wconf 89' lang='lat' dir='ltr'>seu</span> <span class='ocrx_word' id='word_1_440' title='bbox 1024 3734 1091 3770; x_wconf 85' lang='lat' dir='ltr'>per</span> <span class='ocrx_word' id='word_1_441' title='bbox 1109 3721 1176 3760; x_wconf 88' lang='lat' dir='ltr'>da-</span> 
     </span>
     <span class='ocr_line' id='line_1_59' title="bbox 129 3771 1178 3824; baseline 0.009 -21"><span class='ocrx_word' id='word_1_442' title='bbox 129 3775 209 3804; x_wconf 88' lang='lat' dir='ltr'>tam</span> <span class='ocrx_word' id='word_1_443' title='bbox 245 3780 352 3804; x_wconf 86' lang='lat' dir='ltr'>venae</span> <span class='ocrx_word' id='word_1_444' title='bbox 388 3777 593 3808; x_wconf 85' lang='lat' dir='ltr'>contractae</span> <span class='ocrx_word' id='word_1_445' title='bbox 631 3771 841 3809; x_wconf 83' lang='lat' dir='ltr'>sectionem</span> <span class='ocrx_word' id='word_1_446' title='bbox 880 3773 969 3811; x_wconf 84' lang='lat' dir='ltr'>dato</span> <span class='ocrx_word' id='word_1_447' title='bbox 1005 3781 1178 3824; x_wconf 74' lang='lat' dir='ltr'>tempore</span> 
     </span>
     <span class='ocr_line' id='line_1_60' title="bbox 131 3819 1178 3880; baseline 0.01 -24"><span class='ocrx_word' id='word_1_448' title='bbox 131 3819 333 3865; x_wconf 73' lang='lat' dir='ltr'>effluentis,</span> <span class='ocrx_word' id='word_1_449' title='bbox 367 3821 420 3859; x_wconf 85' lang='lat' dir='ltr'>sic</span> <span class='ocrx_word' id='word_1_450' title='bbox 447 3822 552 3861; x_wconf 87' lang='lat' dir='ltr'>illius</span> <span class='ocrx_word' id='word_1_451' title='bbox 579 3823 757 3862; x_wconf 80' lang='lat' dir='ltr'>velocitas</span> <span class='ocrx_word' id='word_1_452' title='bbox 785 3826 1002 3876; x_wconf 81' lang='lat' dir='ltr'>inquiritur.</span> <span class='ocrx_word' id='word_1_453' title='bbox 1035 3873 1039 3880; x_wconf 22' lang='grc' dir='ltr'><strong><em>Δ</em></strong></span> <span class='ocrx_word' id='word_1_454' title='bbox 1067 3829 1178 3873; x_wconf 80' lang='lat' dir='ltr'>Quo-</span> 
     </span>
    </p>
   </div>
   <div class='ocr_carea' id='block_1_7' title="bbox 1209 1089 2268 2836">
    <p class='ocr_par' dir='ltr' id='par_1_7' title="bbox 1209 1089 2268 2836">
     <span class='ocr_line' id='line_1_61' title="bbox 1211 1089 2265 1141; baseline -0.001 -14"><span class='ocrx_word' id='word_1_455' title='bbox 1211 1089 1315 1127; x_wconf 89' lang='lat' dir='ltr'>niam</span> <span class='ocrx_word' id='word_1_456' title='bbox 1336 1089 1426 1128; x_wconf 88' lang='lat' dir='ltr'>data</span> <span class='ocrx_word' id='word_1_457' title='bbox 1444 1102 1553 1140; x_wconf 82' lang='lat' dir='ltr'>aquae</span> <span class='ocrx_word' id='word_1_458' title='bbox 1581 1090 1775 1141; x_wconf 88' lang='lat' dir='ltr'>quantitas</span> <span class='ocrx_word' id='word_1_459' title='bbox 1801 1099 1976 1141; x_wconf 85' lang='lat' dir='ltr'>aequatur</span> <span class='ocrx_word' id='word_1_460' title='bbox 1995 1090 2171 1140; x_wconf 85' lang='lat' dir='ltr'>cylindro</span> <span class='ocrx_word' id='word_1_461' title='bbox 2203 1089 2265 1128; x_wconf 81' lang='lat' dir='ltr'>veI</span> 
     </span>
     <span class='ocr_line' id='line_1_62' title="bbox 1210 1143 2264 1193; baseline 0 -14"><span class='ocrx_word' id='word_1_462' title='bbox 1210 1143 1382 1193; x_wconf 88' lang='lat' dir='ltr'>prismati</span> <span class='ocrx_word' id='word_1_463' title='bbox 1402 1144 1514 1193; x_wconf 85' lang='lat' dir='ltr'>cujus</span> <span class='ocrx_word' id='word_1_464' title='bbox 1532 1145 1632 1180; x_wconf 90' lang='lat' dir='ltr'>basis</span> <span class='ocrx_word' id='word_1_465' title='bbox 1651 1152 1707 1181; x_wconf 91' lang='lat' dir='ltr'>est</span> <span class='ocrx_word' id='word_1_466' title='bbox 1726 1144 1901 1181; x_wconf 88' lang='lat' dir='ltr'>foramen</span> <span class='ocrx_word' id='word_1_467' title='bbox 1914 1144 2048 1181; x_wconf 89' lang='lat' dir='ltr'>datum</span> <span class='ocrx_word' id='word_1_468' title='bbox 2068 1153 2137 1181; x_wconf 88' lang='lat' dir='ltr'>aut</span> <span class='ocrx_word' id='word_1_469' title='bbox 2157 1157 2264 1181; x_wconf 83' lang='lat' dir='ltr'>venae</span> 
     </span>
     <span class='ocr_line' id='line_1_63' title="bbox 1209 1197 2260 1247; baseline -0.002 -12"><span class='ocrx_word' id='word_1_470' title='bbox 1209 1205 1415 1235; x_wconf 83' lang='lat' dir='ltr'>contractae</span> <span class='ocrx_word' id='word_1_471' title='bbox 1442 1197 1571 1240; x_wconf 86' lang='lat' dir='ltr'>sectio,</span> <span class='ocrx_word' id='word_1_472' title='bbox 1601 1205 1639 1234; x_wconf 92' lang='lat' dir='ltr'>et</span> <span class='ocrx_word' id='word_1_473' title='bbox 1657 1197 1823 1235; x_wconf 88' lang='lat' dir='ltr'>altitudo</span> <span class='ocrx_word' id='word_1_474' title='bbox 1850 1198 2017 1245; x_wconf 90' lang='lat' dir='ltr'>spatium</span> <span class='ocrx_word' id='word_1_475' title='bbox 2037 1197 2141 1247; x_wconf 85' lang='lat' dir='ltr'>quod</span> <span class='ocrx_word' id='word_1_476' title='bbox 2160 1211 2260 1247; x_wconf 81' lang='lat' dir='ltr'>aqua</span> 
     </span>
     <span class='ocr_line' id='line_1_64' title="bbox 1209 1249 2262 1300; baseline 0 -13"><span class='ocrx_word' id='word_1_477' title='bbox 1209 1257 1382 1298; x_wconf 87' lang='lat' dir='ltr'>tempore</span> <span class='ocrx_word' id='word_1_478' title='bbox 1415 1250 1505 1287; x_wconf 89' lang='lat' dir='ltr'>dato</span> <span class='ocrx_word' id='word_1_479' title='bbox 1525 1263 1614 1287; x_wconf 89' lang='lat' dir='ltr'>cum</span> <span class='ocrx_word' id='word_1_480' title='bbox 1635 1249 1702 1287; x_wconf 70' lang='lat' dir='ltr'>illa</span> <span class='ocrx_word' id='word_1_481' title='bbox 1730 1250 1932 1287; x_wconf 84' lang='lat' dir='ltr'>velocitate</span> <span class='ocrx_word' id='word_1_482' title='bbox 1963 1264 2079 1300; x_wconf 90' lang='lat' dir='ltr'>quam</span> <span class='ocrx_word' id='word_1_483' title='bbox 2102 1251 2140 1286; x_wconf 91' lang='lat' dir='ltr'>in</span> <span class='ocrx_word' id='word_1_484' title='bbox 2162 1250 2262 1287; x_wconf 77' lang='lat' dir='ltr'>fora-</span> 
     </span>
     <span class='ocr_line' id='line_1_65' title="bbox 1210 1303 2261 1352; baseline 0.001 -13"><span class='ocrx_word' id='word_1_485' title='bbox 1210 1303 1317 1340; x_wconf 89' lang='lat' dir='ltr'>mine</span> <span class='ocrx_word' id='word_1_486' title='bbox 1335 1310 1404 1340; x_wconf 86' lang='lat' dir='ltr'>aut</span> <span class='ocrx_word' id='word_1_487' title='bbox 1422 1316 1529 1341; x_wconf 87' lang='lat' dir='ltr'>venae</span> <span class='ocrx_word' id='word_1_488' title='bbox 1557 1304 1724 1341; x_wconf 86' lang='lat' dir='ltr'>sectione</span> <span class='ocrx_word' id='word_1_489' title='bbox 1749 1306 1877 1349; x_wconf 89' lang='lat' dir='ltr'>habet,</span> <span class='ocrx_word' id='word_1_490' title='bbox 1909 1304 2153 1341; x_wconf 84' lang='lat' dir='ltr'>uniformiter</span> <span class='ocrx_word' id='word_1_491' title='bbox 2173 1317 2261 1352; x_wconf 89' lang='lat' dir='ltr'>pro-</span> 
     </span>
     <span class='ocr_line' id='line_1_66' title="bbox 1211 1356 2260 1407; baseline 0.001 -15"><span class='ocrx_word' id='word_1_492' title='bbox 1211 1356 1426 1406; x_wconf 84' lang='lat' dir='ltr'>grediendo</span> <span class='ocrx_word' id='word_1_493' title='bbox 1447 1356 1684 1400; x_wconf 85' lang='lat' dir='ltr'>describeret,</span> <span class='ocrx_word' id='word_1_494' title='bbox 1718 1357 1902 1394; x_wconf 85' lang='lat' dir='ltr'>dividitur</span> <span class='ocrx_word' id='word_1_495' title='bbox 1928 1360 2122 1407; x_wconf 81' lang='lat' dir='ltr'>quantitas</span> <span class='ocrx_word' id='word_1_496' title='bbox 2150 1370 2260 1407; x_wconf 85' lang='lat' dir='ltr'>aquae</span> 
     </span>
     <span class='ocr_line' id='line_1_67' title="bbox 1210 1409 2259 1458; baseline -0.001 -11"><span class='ocrx_word' id='word_1_497' title='bbox 1210 1410 1299 1447; x_wconf 82' lang='lat' dir='ltr'>data</span> <span class='ocrx_word' id='word_1_498' title='bbox 1326 1422 1394 1458; x_wconf 87' lang='lat' dir='ltr'>per</span> <span class='ocrx_word' id='word_1_499' title='bbox 1423 1409 1623 1447; x_wconf 88' lang='lat' dir='ltr'>foraminis</span> <span class='ocrx_word' id='word_1_500' title='bbox 1659 1419 1727 1448; x_wconf 88' lang='lat' dir='ltr'>aut</span> <span class='ocrx_word' id='word_1_501' title='bbox 1759 1410 1939 1447; x_wconf 87' lang='lat' dir='ltr'>sectionis</span> <span class='ocrx_word' id='word_1_502' title='bbox 1973 1423 2079 1447; x_wconf 83' lang='lat' dir='ltr'>venae</span> <span class='ocrx_word' id='word_1_503' title='bbox 2117 1423 2259 1456; x_wconf 85' lang='lat' dir='ltr'>aream,</span> 
     </span>
     <span class='ocr_line' id='line_1_68' title="bbox 1211 1463 2262 1513; baseline 0 -13"><span class='ocrx_word' id='word_1_504' title='bbox 1211 1471 1249 1500; x_wconf 87' lang='lat' dir='ltr'>et</span> <span class='ocrx_word' id='word_1_505' title='bbox 1266 1463 1443 1513; x_wconf 87' lang='lat' dir='ltr'>quotiens</span> <span class='ocrx_word' id='word_1_506' title='bbox 1462 1464 1534 1501; x_wconf 89' lang='lat' dir='ltr'>erit</span> <span class='ocrx_word' id='word_1_507' title='bbox 1552 1464 1717 1512; x_wconf 87' lang='lat' dir='ltr'>spatium</span> <span class='ocrx_word' id='word_1_508' title='bbox 1738 1463 1842 1513; x_wconf 88' lang='lat' dir='ltr'>quod</span> <span class='ocrx_word' id='word_1_509' title='bbox 1862 1477 1961 1512; x_wconf 86' lang='lat' dir='ltr'>aqua</span> <span class='ocrx_word' id='word_1_510' title='bbox 1980 1463 2070 1500; x_wconf 85' lang='lat' dir='ltr'>dato</span> <span class='ocrx_word' id='word_1_511' title='bbox 2089 1472 2262 1512; x_wconf 80' lang='lat' dir='ltr'>tempore</span> 
     </span>
     <span class='ocr_line' id='line_1_69' title="bbox 1210 1515 2261 1567; baseline 0.001 -14"><span class='ocrx_word' id='word_1_512' title='bbox 1210 1515 1455 1554; x_wconf 87' lang='lat' dir='ltr'>uniformiter</span> <span class='ocrx_word' id='word_1_513' title='bbox 1481 1517 1761 1567; x_wconf 87' lang='lat' dir='ltr'>progrediendo</span> <span class='ocrx_word' id='word_1_514' title='bbox 1789 1517 2030 1561; x_wconf 83' lang='lat' dir='ltr'>describeret,</span> <span class='ocrx_word' id='word_1_515' title='bbox 2062 1516 2177 1566; x_wconf 73' lang='lat' dir='ltr'>atque</span> <span class='ocrx_word' id='word_1_516' title='bbox 2206 1515 2261 1554; x_wconf 71' lang='lat' dir='ltr'>ita</span> 
     </span>
     <span class='ocr_line' id='line_1_70' title="bbox 1213 1570 2260 1620; baseline 0 -14"><span class='ocrx_word' id='word_1_517' title='bbox 1213 1579 1305 1607; x_wconf 87' lang='lat' dir='ltr'>nota</span> <span class='ocrx_word' id='word_1_518' title='bbox 1324 1570 1368 1606; x_wconf 91' lang='lat' dir='ltr'>fit</span> <span class='ocrx_word' id='word_1_519' title='bbox 1386 1582 1496 1619; x_wconf 85' lang='lat' dir='ltr'>aquae</span> <span class='ocrx_word' id='word_1_520' title='bbox 1524 1571 1703 1607; x_wconf 82' lang='lat' dir='ltr'>velocitas</span> <span class='ocrx_word' id='word_1_521' title='bbox 1731 1570 1844 1620; x_wconf 88' lang='lat' dir='ltr'>cujus</span> <span class='ocrx_word' id='word_1_522' title='bbox 1871 1570 2077 1607; x_wconf 85' lang='lat' dir='ltr'>dimidium</span> <span class='ocrx_word' id='word_1_523' title='bbox 2097 1578 2154 1607; x_wconf 88' lang='lat' dir='ltr'>est</span> <span class='ocrx_word' id='word_1_524' title='bbox 2171 1570 2260 1608; x_wconf 88' lang='lat' dir='ltr'>alti-</span> 
     </span>
     <span class='ocr_line' id='line_1_71' title="bbox 1211 1622 2262 1672; baseline 0.001 -13"><span class='ocrx_word' id='word_1_525' title='bbox 1211 1622 1306 1659; x_wconf 88' lang='lat' dir='ltr'>tudo</span> <span class='ocrx_word' id='word_1_526' title='bbox 1333 1635 1379 1659; x_wconf 88' lang='lat' dir='ltr'>ex</span> <span class='ocrx_word' id='word_1_527' title='bbox 1400 1622 1476 1672; x_wconf 70' lang='lat' dir='ltr'>qua</span> <span class='ocrx_word' id='word_1_528' title='bbox 1503 1623 1641 1660; x_wconf 80' lang='lat' dir='ltr'>cadere</span> <span class='ocrx_word' id='word_1_529' title='bbox 1668 1623 1803 1660; x_wconf 89' lang='lat' dir='ltr'>debuit</span> <span class='ocrx_word' id='word_1_530' title='bbox 1833 1630 1877 1659; x_wconf 91' lang='lat' dir='ltr'>ut</span> <span class='ocrx_word' id='word_1_531' title='bbox 1906 1636 1990 1659; x_wconf 89' lang='lat' dir='ltr'>eam</span> <span class='ocrx_word' id='word_1_532' title='bbox 2019 1623 2262 1660; x_wconf 85' lang='lat' dir='ltr'>velocitatem</span> 
     </span>
     <span class='ocr_line' id='line_1_72' title="bbox 1212 1675 2261 1726; baseline 0.001 -14"><span class='ocrx_word' id='word_1_533' title='bbox 1212 1675 1432 1725; x_wconf 88' lang='lat' dir='ltr'>acquireret.</span> <span class='ocrx_word' id='word_1_534' title='bbox 1448 1676 1523 1713; x_wconf 65' lang='lat' dir='ltr'>‘Sit</span> <span class='ocrx_word' id='word_1_535' title='bbox 1535 1677 1622 1726; x_wconf 60' lang='lat' dir='ltr'>jam</span> <span class='ocrx_word' id='word_1_536' title='bbox 1638 1689 1664 1714; x_wconf 87' lang='lat' dir='ltr'>a</span> <span class='ocrx_word' id='word_1_537' title='bbox 1679 1675 1844 1713; x_wconf 87' lang='lat' dir='ltr'>altitudo</span> <span class='ocrx_word' id='word_1_538' title='bbox 1863 1688 1979 1724; x_wconf 83' lang='lat' dir='ltr'>quam</span> <span class='ocrx_word' id='word_1_539' title='bbox 1995 1688 2134 1724; x_wconf 88' lang='lat' dir='ltr'>corpus</span> <span class='ocrx_word' id='word_1_540' title='bbox 2146 1690 2261 1726; x_wconf 87' lang='lat' dir='ltr'>grave</span> 
     </span>
     <span class='ocr_line' id='line_1_73' title="bbox 1212 1728 2263 1777; baseline 0.003 -12"><span class='ocrx_word' id='word_1_541' title='bbox 1212 1736 1384 1777; x_wconf 86' lang='lat' dir='ltr'>tempore</span> <span class='ocrx_word' id='word_1_542' title='bbox 1413 1728 1555 1766; x_wconf 87' lang='lat' dir='ltr'>minuti</span> <span class='ocrx_word' id='word_1_543' title='bbox 1587 1729 1706 1766; x_wconf 87' lang='lat' dir='ltr'>unius</span> <span class='ocrx_word' id='word_1_544' title='bbox 1739 1729 1900 1767; x_wconf 87' lang='lat' dir='ltr'>secundi</span> <span class='ocrx_word' id='word_1_545' title='bbox 1933 1729 2014 1766; x_wconf 84' lang='lat' dir='ltr'>sine</span> <span class='ocrx_word' id='word_1_546' title='bbox 2046 1730 2263 1768; x_wconf 64' lang='lat' dir='ltr'>resistentia</span> 
     </span>
     <span class='ocr_line' id='line_1_74' title="bbox 1213 1781 2260 1832; baseline 0.002 -14"><span class='ocrx_word' id='word_1_547' title='bbox 1213 1781 1386 1819; x_wconf 88' lang='lat' dir='ltr'>cadendo</span> <span class='ocrx_word' id='word_1_548' title='bbox 1405 1781 1593 1828; x_wconf 86' lang='lat' dir='ltr'>describit,</span> <span class='ocrx_word' id='word_1_549' title='bbox 1615 1795 1638 1818; x_wconf 91' lang='lat' dir='ltr'>v</span> <span class='ocrx_word' id='word_1_550' title='bbox 1657 1782 1836 1819; x_wconf 84' lang='lat' dir='ltr'>velocitas</span> <span class='ocrx_word' id='word_1_551' title='bbox 1855 1783 1930 1819; x_wconf 91' lang='lat' dir='ltr'>hoc</span> <span class='ocrx_word' id='word_1_552' title='bbox 1949 1795 2040 1819; x_wconf 87' lang='lat' dir='ltr'>casu</span> <span class='ocrx_word' id='word_1_553' title='bbox 2063 1783 2260 1832; x_wconf 82' lang='lat' dir='ltr'>acquisita,</span> 
     </span>
     <span class='ocr_line' id='line_1_75' title="bbox 1214 1833 2263 1885; baseline 0.001 -13"><span class='ocrx_word' id='word_1_554' title='bbox 1214 1843 1253 1872; x_wconf 87' lang='lat' dir='ltr'>et</span> <span class='ocrx_word' id='word_1_555' title='bbox 1277 1833 1365 1872; x_wconf 78' lang='lat' dir='ltr'>ideo</span> <span class='ocrx_word' id='word_1_556' title='bbox 1393 1840 1417 1872; x_wconf 86' lang='grc'><strong>2</strong></span> <span class='ocrx_word' id='word_1_557' title='bbox 1445 1848 1469 1872; x_wconf 90' lang='lat' dir='ltr'>a</span> <span class='ocrx_word' id='word_1_558' title='bbox 1495 1837 1661 1883; x_wconf 82' lang='lat' dir='ltr'>spatium</span> <span class='ocrx_word' id='word_1_559' title='bbox 1682 1835 1786 1885; x_wconf 91' lang='lat' dir='ltr'>quod</span> <span class='ocrx_word' id='word_1_560' title='bbox 1806 1835 2005 1872; x_wconf 82' lang='lat' dir='ltr'>velocitate</span> <span class='ocrx_word' id='word_1_561' title='bbox 2026 1837 2210 1873; x_wconf 82' lang='lat' dir='ltr'>uniformi</span> <span class='ocrx_word' id='word_1_562' title='bbox 2241 1850 2263 1872; x_wconf 94' lang='lat' dir='ltr'>v</span> 
     </span>
     <span class='ocr_line' id='line_1_76' title="bbox 1215 1888 2264 1938; baseline 0.002 -13"><span class='ocrx_word' id='word_1_563' title='bbox 1215 1897 1390 1937; x_wconf 86' lang='lat' dir='ltr'>tempore</span> <span class='ocrx_word' id='word_1_564' title='bbox 1422 1889 1563 1926; x_wconf 89' lang='lat' dir='ltr'>minuti</span> <span class='ocrx_word' id='word_1_565' title='bbox 1596 1889 1713 1925; x_wconf 90' lang='lat' dir='ltr'>unius</span> <span class='ocrx_word' id='word_1_566' title='bbox 1744 1889 1903 1925; x_wconf 90' lang='lat' dir='ltr'>secundi</span> <span class='ocrx_word' id='word_1_567' title='bbox 1939 1888 2101 1927; x_wconf 87' lang='lat' dir='ltr'>describi</span> <span class='ocrx_word' id='word_1_568' title='bbox 2139 1898 2264 1938; x_wconf 81' lang='lat' dir='ltr'>potest</span> 
     </span>
     <span class='ocr_line' id='line_1_77' title="bbox 1218 1941 2263 1994; baseline 0.001 -15"><span class='ocrx_word' id='word_1_569' title='bbox 1218 1944 1300 1994; x_wconf 82' lang='lat'><strong>(50.</strong></span> <span class='ocrx_word' id='word_1_570' title='bbox 1327 1942 1414 1980; x_wconf 85' lang='lat' dir='ltr'>Lib.</span> <span class='ocrx_word' id='word_1_571' title='bbox 1443 1941 1494 1991; x_wconf 91' lang='lat' dir='ltr'>I.)</span> <span class='ocrx_word' id='word_1_572' title='bbox 1526 1942 1574 1979; x_wconf 90' lang='lat' dir='ltr'>sit</span> <span class='ocrx_word' id='word_1_573' title='bbox 1592 1944 1617 1980; x_wconf 92' lang='lat' dir='ltr'>b</span> <span class='ocrx_word' id='word_1_574' title='bbox 1636 1941 1799 1979; x_wconf 80' lang='lat' dir='ltr'>altitudo</span> <span class='ocrx_word' id='word_1_575' title='bbox 1832 1954 1942 1991; x_wconf 88' lang='lat' dir='ltr'>aquae</span> <span class='ocrx_word' id='word_1_576' title='bbox 1975 1943 2016 1978; x_wconf 91' lang='lat' dir='ltr'>in</span> <span class='ocrx_word' id='word_1_577' title='bbox 2042 1956 2128 1979; x_wconf 88' lang='lat' dir='ltr'>vase</span> <span class='ocrx_word' id='word_1_578' title='bbox 2160 1952 2263 1994; x_wconf 83' lang='lat' dir='ltr'>stag-</span> 
     </span>
     <span class='ocr_line' id='line_1_78' title="bbox 1217 1994 2264 2045; baseline 0.003 -14"><span class='ocrx_word' id='word_1_579' title='bbox 1217 1994 1352 2038; x_wconf 84' lang='lat' dir='ltr'>nantis,</span> <span class='ocrx_word' id='word_1_580' title='bbox 1384 2007 1405 2032; x_wconf 91' lang='lat' dir='ltr'>c</span> <span class='ocrx_word' id='word_1_581' title='bbox 1423 1995 1597 2032; x_wconf 82' lang='lat' dir='ltr'>celeritas</span> <span class='ocrx_word' id='word_1_582' title='bbox 1616 2008 1733 2045; x_wconf 84' lang='lat' dir='ltr'>quarn</span> <span class='ocrx_word' id='word_1_583' title='bbox 1753 2007 1869 2045; x_wconf 82' lang='lat' dir='ltr'>grave</span> <span class='ocrx_word' id='word_1_584' title='bbox 1888 2008 1954 2043; x_wconf 90' lang='lat' dir='ltr'>per</span> <span class='ocrx_word' id='word_1_585' title='bbox 1973 1996 2218 2033; x_wconf 87' lang='lat' dir='ltr'>altitudinem</span> <span class='ocrx_word' id='word_1_586' title='bbox 2239 2000 2264 2035; x_wconf 88' lang='lat' dir='ltr'>b</span> 
     </span>
     <span class='ocr_line' id='line_1_79' title="bbox 1217 2047 2264 2098; baseline 0.002 -13"><span class='ocrx_word' id='word_1_587' title='bbox 1217 2050 1299 2086; x_wconf 88' lang='lat' dir='ltr'>sine</span> <span class='ocrx_word' id='word_1_588' title='bbox 1331 2047 1544 2085; x_wconf 71' lang='lat' dir='ltr'>resistentia</span> <span class='ocrx_word' id='word_1_589' title='bbox 1576 2048 1749 2086; x_wconf 85' lang='lat' dir='ltr'>cadendo</span> <span class='ocrx_word' id='word_1_590' title='bbox 1777 2048 1950 2098; x_wconf 88' lang='lat' dir='ltr'>acquirit,</span> <span class='ocrx_word' id='word_1_591' title='bbox 1986 2057 2023 2086; x_wconf 89' lang='lat' dir='ltr'>et</span> <span class='ocrx_word' id='word_1_592' title='bbox 2050 2064 2068 2086; x_wconf 90' lang='lat' dir='ltr'>s</span> <span class='ocrx_word' id='word_1_593' title='bbox 2096 2051 2264 2098; x_wconf 86' lang='lat' dir='ltr'>spatium</span> 
     </span>
     <span class='ocr_line' id='line_1_80' title="bbox 1218 2102 2265 2154; baseline 0.002 -15"><span class='ocrx_word' id='word_1_594' title='bbox 1218 2102 1323 2153; x_wconf 90' lang='lat' dir='ltr'>quod</span> <span class='ocrx_word' id='word_1_595' title='bbox 1341 2114 1432 2139; x_wconf 90' lang='lat' dir='ltr'>cum</span> <span class='ocrx_word' id='word_1_596' title='bbox 1461 2102 1654 2154; x_wconf 86' lang='lat' dir='ltr'>celeritate</span> <span class='ocrx_word' id='word_1_597' title='bbox 1673 2114 1694 2140; x_wconf 90' lang='lat' dir='ltr'>c</span> <span class='ocrx_word' id='word_1_598' title='bbox 1713 2102 1955 2139; x_wconf 87' lang='lat' dir='ltr'>uniformiter</span> <span class='ocrx_word' id='word_1_599' title='bbox 1982 2104 2265 2153; x_wconf 79' lang='lat' dir='ltr'>progrediendo</span> 
     </span>
     <span class='ocr_line' id='line_1_81' title="bbox 1219 2155 2266 2203; baseline 0.002 -11"><span class='ocrx_word' id='word_1_600' title='bbox 1219 2164 1390 2203; x_wconf 90' lang='lat' dir='ltr'>tempore</span> <span class='ocrx_word' id='word_1_601' title='bbox 1417 2155 1556 2193; x_wconf 88' lang='lat' dir='ltr'>minuti</span> <span class='ocrx_word' id='word_1_602' title='bbox 1593 2157 1707 2192; x_wconf 90' lang='lat' dir='ltr'>unius</span> <span class='ocrx_word' id='word_1_603' title='bbox 1732 2155 1892 2193; x_wconf 89' lang='lat' dir='ltr'>secundi</span> <span class='ocrx_word' id='word_1_604' title='bbox 1925 2155 2164 2202; x_wconf 84' lang='lat' dir='ltr'>describeret,</span> <span class='ocrx_word' id='word_1_605' title='bbox 2195 2157 2266 2195; x_wconf 88' lang='lat' dir='ltr'>erit</span> 
     </span>
     <span class='ocr_line' id='line_1_82' title="bbox 1219 2209 2266 2261; baseline 0.005 -17"><span class='ocrx_word' id='word_1_606' title='bbox 1219 2221 1270 2245; x_wconf 87' lang='lat' dir='ltr'>a:</span> <span class='ocrx_word' id='word_1_607' title='bbox 1295 2211 1508 2246; x_wconf 90' lang='lat' dir='ltr'>b=vv:</span> <span class='ocrx_word' id='word_1_608' title='bbox 1535 2211 1697 2261; x_wconf 76' lang='lat' dir='ltr'>cc(28.</span> <span class='ocrx_word' id='word_1_609' title='bbox 1725 2209 1812 2247; x_wconf 88' lang='lat' dir='ltr'>Lib.</span> <span class='ocrx_word' id='word_1_610' title='bbox 1834 2209 2266 2257; x_wconf 76' lang='lat' dir='ltr'>I.)et‘.2a:s=v:c</span> 
     </span>
     <span class='ocr_line' id='line_1_83' title="bbox 1219 2260 2266 2313; baseline 0.004 -15"><span class='ocrx_word' id='word_1_611' title='bbox 1219 2265 1276 2312; x_wconf 90' lang='lat'>(5.</span> <span class='ocrx_word' id='word_1_612' title='bbox 1302 2262 1390 2299; x_wconf 88' lang='lat' dir='ltr'>Lib.</span> <span class='ocrx_word' id='word_1_613' title='bbox 1416 2262 1473 2311; x_wconf 91' lang='grc' dir='ltr'>Ι.)</span> <span class='ocrx_word' id='word_1_614' title='bbox 1503 2260 1668 2313; x_wconf 72' lang='lat' dir='ltr'>ideoque</span> <span class='ocrx_word' id='word_1_615' title='bbox 1694 2275 1717 2299; x_wconf 87' lang='lat' dir='ltr'>a</span> <span class='ocrx_word' id='word_1_616' title='bbox 1737 2278 1745 2300; x_wconf 74' lang='grc' dir='ltr'>ε</span> <span class='ocrx_word' id='word_1_617' title='bbox 1770 2264 1795 2299; x_wconf 94' lang='lat' dir='ltr'>b</span> <span class='ocrx_word' id='word_1_618' title='bbox 1813 2278 1870 2298; x_wconf 90' lang='lat'><strong><em>=</em></strong></span> <span class='ocrx_word' id='word_1_619' title='bbox 1891 2267 1915 2298; x_wconf 88' lang='grc'><strong>4</strong></span> <span class='ocrx_word' id='word_1_620' title='bbox 1935 2276 1957 2298; x_wconf 90' lang='lat' dir='ltr'>a</span> <span class='ocrx_word' id='word_1_621' title='bbox 1976 2276 2026 2300; x_wconf 89' lang='lat' dir='ltr'>a:</span> <span class='ocrx_word' id='word_1_622' title='bbox 2053 2276 2070 2299; x_wconf 92' lang='lat' dir='ltr'>s</span> <span class='ocrx_word' id='word_1_623' title='bbox 2090 2277 2130 2310; x_wconf 91' lang='lat' dir='ltr'>s;</span> <span class='ocrx_word' id='word_1_624' title='bbox 2161 2263 2266 2302; x_wconf 70' lang='lat' dir='ltr'>unde</span> 
     </span>
     <span class='ocr_line' id='line_1_84' title="bbox 1218 2309 2267 2365; baseline 0.004 -15"><span class='ocrx_word' id='word_1_625' title='bbox 1218 2315 1382 2352; x_wconf 79' lang='lat' dir='ltr'>habetur</span> <span class='ocrx_word' id='word_1_626' title='bbox 1400 2328 1417 2350; x_wconf 90' lang='lat' dir='ltr'>s</span> <span class='ocrx_word' id='word_1_627' title='bbox 1436 2328 1453 2351; x_wconf 90' lang='lat' dir='ltr'>s</span> <span class='ocrx_word' id='word_1_628' title='bbox 1467 2331 1524 2350; x_wconf 93' lang='lat'><strong><em>=</em></strong></span> <span class='ocrx_word' id='word_1_629' title='bbox 1544 2320 1570 2352; x_wconf 88' lang='lat'>4</span> <span class='ocrx_word' id='word_1_630' title='bbox 1584 2329 1607 2353; x_wconf 91' lang='lat' dir='ltr'>a</span> <span class='ocrx_word' id='word_1_631' title='bbox 1622 2320 1655 2359; x_wconf 89' lang='lat' dir='ltr'>b,</span> <span class='ocrx_word' id='word_1_632' title='bbox 1677 2323 1715 2352; x_wconf 91' lang='lat' dir='ltr'>et</span> <span class='ocrx_word' id='word_1_633' title='bbox 1734 2328 1820 2352; x_wconf 90' lang='lat' dir='ltr'>s=</span> <span class='ocrx_word' id='word_1_634' title='bbox 1841 2319 1895 2365; x_wconf 54' lang='grc' dir='ltr'><strong><em>μ</em></strong></span> <span class='ocrx_word' id='word_1_635' title='bbox 1913 2309 2030 2357; x_wconf 54' lang='lat' dir='ltr'>‘Ta—K</span> <span class='ocrx_word' id='word_1_636' title='bbox 2090 2317 2125 2353; x_wconf 86' lang='lat' dir='ltr'>Si</span> <span class='ocrx_word' id='word_1_637' title='bbox 2147 2316 2267 2364; x_wconf 73' lang='lat' dir='ltr'>igitur</span> 
     </span>
     <span class='ocr_line' id='line_1_85' title="bbox 1221 2369 2268 2418; baseline 0.004 -14"><span class='ocrx_word' id='word_1_638' title='bbox 1221 2381 1323 2418; x_wconf 90' lang='lat' dir='ltr'>aqua</span> <span class='ocrx_word' id='word_1_639' title='bbox 1341 2380 1362 2404; x_wconf 89' lang='lat' dir='ltr'>e</span> <span class='ocrx_word' id='word_1_640' title='bbox 1381 2380 1467 2404; x_wconf 74' lang='lat' dir='ltr'>vase</span> <span class='ocrx_word' id='word_1_641' title='bbox 1481 2381 1548 2416; x_wconf 87' lang='lat' dir='ltr'>pcr</span> <span class='ocrx_word' id='word_1_642' title='bbox 1567 2382 1673 2406; x_wconf 89' lang='lat' dir='ltr'>venae</span> <span class='ocrx_word' id='word_1_643' title='bbox 1685 2378 1889 2406; x_wconf 66' lang='lat' dir='ltr'>contractae</span> <span class='ocrx_word' id='word_1_644' title='bbox 1908 2370 2114 2406; x_wconf 85' lang='lat' dir='ltr'>sectionem</span> <span class='ocrx_word' id='word_1_645' title='bbox 2136 2369 2268 2408; x_wconf 74' lang='lat' dir='ltr'>effluat</span> 
     </span>
     <span class='ocr_line' id='line_1_86' title="bbox 1218 2420 2267 2471; baseline 0.004 -14"><span class='ocrx_word' id='word_1_646' title='bbox 1218 2433 1309 2457; x_wconf 89' lang='lat' dir='ltr'>cum</span> <span class='ocrx_word' id='word_1_647' title='bbox 1337 2420 1535 2458; x_wconf 85' lang='lat' dir='ltr'>velocitate</span> <span class='ocrx_word' id='word_1_648' title='bbox 1563 2435 1584 2459; x_wconf 92' lang='lat' dir='ltr'>c</span> <span class='ocrx_word' id='word_1_649' title='bbox 1612 2434 1728 2471; x_wconf 87' lang='lat' dir='ltr'>quam</span> <span class='ocrx_word' id='word_1_650' title='bbox 1762 2435 1876 2471; x_wconf 84' lang='lat' dir='ltr'>grave</span> <span class='ocrx_word' id='word_1_651' title='bbox 1909 2423 2081 2460; x_wconf 84' lang='lat' dir='ltr'>cadendo</span> <span class='ocrx_word' id='word_1_652' title='bbox 2110 2431 2148 2460; x_wconf 80' lang='lat' dir='ltr'>et</span> <span class='ocrx_word' id='word_1_653' title='bbox 2175 2436 2267 2461; x_wconf 84' lang='lat' dir='ltr'>casu</span> 
     </span>
     <span class='ocr_line' id='line_1_87' title="bbox 1217 2473 2266 2528; baseline 0.004 -18"><span class='ocrx_word' id='word_1_654' title='bbox 1217 2487 1288 2510; x_wconf 88' lang='lat' dir='ltr'>suo</span> <span class='ocrx_word' id='word_1_655' title='bbox 1306 2473 1555 2511; x_wconf 89' lang='lat' dir='ltr'>describendo</span> <span class='ocrx_word' id='word_1_656' title='bbox 1573 2475 1816 2512; x_wconf 85' lang='lat' dir='ltr'>altitudinem</span> <span class='ocrx_word' id='word_1_657' title='bbox 1833 2477 1856 2512; x_wconf 90' lang='lat' dir='ltr'>b</span> <span class='ocrx_word' id='word_1_658' title='bbox 1876 2488 1983 2524; x_wconf 67' lang='lat' dir='ltr'>aquae</span> <span class='ocrx_word' id='word_1_659' title='bbox 2005 2477 2044 2512; x_wconf 90' lang='lat' dir='ltr'>in</span> <span class='ocrx_word' id='word_1_660' title='bbox 2061 2490 2146 2513; x_wconf 85' lang='lat' dir='ltr'>vase</span> <span class='ocrx_word' id='word_1_661' title='bbox 2161 2486 2266 2528; x_wconf 84' lang='lat' dir='ltr'>stag-</span> 
     </span>
     <span class='ocr_line' id='line_1_88' title="bbox 1219 2526 2267 2579; baseline 0.005 -16"><span class='ocrx_word' id='word_1_662' title='bbox 1219 2528 1345 2564; x_wconf 87' lang='lat' dir='ltr'>nantis</span> <span class='ocrx_word' id='word_1_663' title='bbox 1357 2526 1526 2576; x_wconf 88' lang='lat' dir='ltr'>acquirit,</span> <span class='ocrx_word' id='word_1_664' title='bbox 1541 2528 1707 2576; x_wconf 87' lang='lat' dir='ltr'>spatium</span> <span class='ocrx_word' id='word_1_665' title='bbox 1720 2541 1738 2564; x_wconf 90' lang='lat' dir='ltr'>s</span> <span class='ocrx_word' id='word_1_666' title='bbox 1751 2528 1854 2577; x_wconf 89' lang='lat' dir='ltr'>quod</span> <span class='ocrx_word' id='word_1_667' title='bbox 1868 2541 1912 2565; x_wconf 85' lang='lat' dir='ltr'>ex</span> <span class='ocrx_word' id='word_1_668' title='bbox 1927 2530 2140 2578; x_wconf 84' lang='lat' dir='ltr'>quantitate</span> <span class='ocrx_word' id='word_1_669' title='bbox 2156 2544 2267 2579; x_wconf 84' lang='lat' dir='ltr'>aquae</span> 
     </span>
     <span class='ocr_line' id='line_1_89' title="bbox 1222 2581 2265 2628; baseline 0.003 -11"><span class='ocrx_word' id='word_1_670' title='bbox 1222 2587 1395 2628; x_wconf 84' lang='lat' dir='ltr'>tempore</span> <span class='ocrx_word' id='word_1_671' title='bbox 1423 2581 1562 2618; x_wconf 88' lang='lat' dir='ltr'>minuti</span> <span class='ocrx_word' id='word_1_672' title='bbox 1593 2582 1710 2617; x_wconf 90' lang='lat' dir='ltr'>unius</span> <span class='ocrx_word' id='word_1_673' title='bbox 1737 2581 1895 2618; x_wconf 89' lang='lat' dir='ltr'>secundi</span> <span class='ocrx_word' id='word_1_674' title='bbox 1916 2595 1936 2618; x_wconf 88' lang='lat' dir='ltr'>e</span> <span class='ocrx_word' id='word_1_675' title='bbox 1956 2595 2042 2618; x_wconf 84' lang='lat' dir='ltr'>vase</span> <span class='ocrx_word' id='word_1_676' title='bbox 2062 2583 2265 2628; x_wconf 86' lang='lat' dir='ltr'>effluentis,</span> 
     </span>
     <span class='ocr_line' id='line_1_90' title="bbox 1217 2632 2268 2687; baseline 0.006 -17"><span class='ocrx_word' id='word_1_677' title='bbox 1217 2641 1263 2670; x_wconf 87' lang='lat' dir='ltr'>ut</span> <span class='ocrx_word' id='word_1_678' title='bbox 1283 2632 1399 2677; x_wconf 71' lang='lat' dir='ltr'>supra</span> <span class='ocrx_word' id='word_1_679' title='bbox 1427 2632 1573 2670; x_wconf 89' lang='lat' dir='ltr'>dictum</span> <span class='ocrx_word' id='word_1_680' title='bbox 1595 2642 1663 2679; x_wconf 86' lang='lat' dir='ltr'>cst,</span> <span class='ocrx_word' id='word_1_681' title='bbox 1684 2636 1857 2677; x_wconf 69' lang='lat' dir='ltr'>habetur,</span> <span class='ocrx_word' id='word_1_682' title='bbox 1890 2635 2003 2672; x_wconf 86' lang='lat' dir='ltr'>debet</span> <span class='ocrx_word' id='word_1_683' title='bbox 2021 2649 2101 2672; x_wconf 86' lang='lat' dir='ltr'>esse</span> <span class='ocrx_word' id='word_1_684' title='bbox 2121 2639 2268 2687; x_wconf 87' lang='lat' dir='ltr'>aequale</span> 
     </span>
     <span class='ocr_line' id='line_1_91' title="bbox 1227 2687 2262 2738; baseline 0.007 -17"><span class='ocrx_word' id='word_1_685' title='bbox 1227 2692 1283 2738; x_wconf 59' lang='lat'>4)</span> <span class='ocrx_word' id='word_1_686' title='bbox 1307 2698 1331 2729; x_wconf 88' lang='lat'>4</span> <span class='ocrx_word' id='word_1_687' title='bbox 1351 2707 1373 2729; x_wconf 72' lang='lat' dir='ltr'>a</span> <span class='ocrx_word' id='word_1_688' title='bbox 1393 2696 1426 2730; x_wconf 75' lang='lat' dir='ltr'>b,</span> <span class='ocrx_word' id='word_1_689' title='bbox 1489 2687 1598 2724; x_wconf 90' lang='lat' dir='ltr'>Hinc</span> <span class='ocrx_word' id='word_1_690' title='bbox 1617 2688 1646 2723; x_wconf 88' lang='lat' dir='ltr'>si</span> <span class='ocrx_word' id='word_1_691' title='bbox 1667 2687 1832 2724; x_wconf 89' lang='lat' dir='ltr'>altitudo</span> <span class='ocrx_word' id='word_1_692' title='bbox 1851 2701 1884 2733; x_wconf 88' lang='lat' dir='ltr'>a,</span> <span class='ocrx_word' id='word_1_693' title='bbox 1907 2689 1955 2725; x_wconf 87' lang='lat' dir='ltr'>sit</span> <span class='ocrx_word' id='word_1_694' title='bbox 1974 2688 2116 2736; x_wconf 86' lang='lat' dir='ltr'>pedum</span> <span class='ocrx_word' id='word_1_695' title='bbox 2142 2691 2262 2728; x_wconf 82' lang='lat' dir='ltr'>Paris.</span> 
     </span>
     <span class='ocr_line' id='line_1_92' title="bbox 1221 2741 2268 2793; baseline 0.006 -17"><span class='ocrx_word' id='word_1_696' title='bbox 1221 2743 1284 2785; x_wconf 84' lang='lat'>14,</span> <span class='ocrx_word' id='word_1_697' title='bbox 1315 2743 1386 2776; x_wconf 85' lang='lat' dir='ltr'>erit</span> <span class='ocrx_word' id='word_1_698' title='bbox 1405 2753 1423 2777; x_wconf 89' lang='lat' dir='ltr'>s</span> <span class='ocrx_word' id='word_1_699' title='bbox 1441 2752 1459 2775; x_wconf 90' lang='lat' dir='ltr'>s</span> <span class='ocrx_word' id='word_1_700' title='bbox 1476 2756 1533 2776; x_wconf 90' lang='lat'><strong><em>=</em></strong></span> <span class='ocrx_word' id='word_1_701' title='bbox 1554 2745 1605 2779; x_wconf 87' lang='lat'>56</span> <span class='ocrx_word' id='word_1_702' title='bbox 1624 2742 1661 2786; x_wconf 91' lang='lat' dir='ltr'>b,</span> <span class='ocrx_word' id='word_1_703' title='bbox 1695 2754 1782 2790; x_wconf 82' lang='lat' dir='ltr'>quae</span> <span class='ocrx_word' id='word_1_704' title='bbox 1811 2750 1867 2777; x_wconf 89' lang='lat' dir='ltr'>est</span> <span class='ocrx_word' id='word_1_705' title='bbox 1895 2741 1977 2789; x_wconf 79' lang='lat' dir='ltr'>ipsa</span> <span class='ocrx_word' id='word_1_706' title='bbox 1995 2743 2130 2791; x_wconf 84' lang='lat' dir='ltr'>regula</span> <span class='ocrx_word' id='word_1_707' title='bbox 2148 2757 2268 2793; x_wconf 85' lang='lat' dir='ltr'>quam</span> 
     </span>
     <span class='ocr_line' id='line_1_93' title="bbox 1221 2792 2260 2836; baseline 0.003 -6"><span class='ocrx_word' id='word_1_708' title='bbox 1221 2793 1275 2830; x_wconf 93' lang='lat' dir='ltr'>D.</span> <span class='ocrx_word' id='word_1_709' title='bbox 1304 2793 1409 2830; x_wconf 91' lang='lat' dir='ltr'>Pitot</span> <span class='ocrx_word' id='word_1_710' title='bbox 1440 2792 1481 2828; x_wconf 90' lang='lat' dir='ltr'>in</span> <span class='ocrx_word' id='word_1_711' title='bbox 1515 2795 1697 2831; x_wconf 89' lang='lat' dir='ltr'>Monum.</span> <span class='ocrx_word' id='word_1_712' title='bbox 1724 2794 1846 2831; x_wconf 89' lang='lat' dir='ltr'>Acad.</span> <span class='ocrx_word' id='word_1_713' title='bbox 1889 2795 2010 2831; x_wconf 86' lang='lat' dir='ltr'>Paris.</span> <span class='ocrx_word' id='word_1_714' title='bbox 2041 2808 2101 2832; x_wconf 88' lang='lat' dir='ltr'>an.</span> <span class='ocrx_word' id='word_1_715' title='bbox 2146 2802 2260 2836; x_wconf 85' lang='grc'><strong>1730.</strong></span> 
     </span>
    </p>
   </div>
   <div class='ocr_carea' id='block_1_8' title="bbox 1298 2682 1414 2690">
    <p class='ocr_par' dir='ltr' id='par_1_8' title="bbox 1298 2682 1414 2690">
     <span class='ocr_line' id='line_1_94' title="bbox 1298 2682 1414 2690; baseline 0 0"><span class='ocrx_word' id='word_1_716' title='bbox 1298 2682 1414 2690; x_wconf 95' lang='lat' dir='ltr'> </span> 
     </span>
    </p>
   </div>
   <div class='ocr_carea' id='block_1_9' title="bbox 1218 2845 2269 3002">
    <p class='ocr_par' dir='ltr' id='par_1_9' title="bbox 1218 2845 2269 3002">
     <span class='ocr_line' id='line_1_95' title="bbox 1218 2845 2269 2898; baseline 0.005 -15"><span class='ocrx_word' id='word_1_717' title='bbox 1218 2845 1385 2884; x_wconf 86' lang='lat' dir='ltr'>tradidit.</span> <span class='ocrx_word' id='word_1_718' title='bbox 1451 2846 1506 2884; x_wconf 92' lang='lat' dir='ltr'>At</span> <span class='ocrx_word' id='word_1_719' title='bbox 1533 2846 1564 2885; x_wconf 89' lang='lat' dir='ltr'>si</span> <span class='ocrx_word' id='word_1_720' title='bbox 1592 2847 1756 2884; x_wconf 88' lang='lat' dir='ltr'>altitudo</span> <span class='ocrx_word' id='word_1_721' title='bbox 1781 2861 1804 2884; x_wconf 89' lang='lat' dir='ltr'>a</span> <span class='ocrx_word' id='word_1_722' title='bbox 1822 2856 1988 2895; x_wconf 88' lang='lat' dir='ltr'>ponatur</span> <span class='ocrx_word' id='word_1_723' title='bbox 2015 2861 2096 2886; x_wconf 86' lang='lat' dir='ltr'>esse</span> <span class='ocrx_word' id='word_1_724' title='bbox 2123 2850 2269 2898; x_wconf 88' lang='lat' dir='ltr'>pedum</span> 
     </span>
     <span class='ocr_line' id='line_1_96' title="bbox 1225 2905 2266 3002; baseline 0.005 -33"><span class='ocrx_word' id='word_1_725' title='bbox 1225 2931 1346 2969; x_wconf 79' lang='lat' dir='ltr'>Paris.</span> <span class='ocrx_word' id='word_1_726' title='bbox 1370 2922 1484 2985; x_wconf 44' lang='lat'>1551}</span> <span class='ocrx_word' id='word_1_727' title='bbox 1505 2945 1573 2970; x_wconf 83' lang='lat' dir='ltr'>seu</span> <span class='ocrx_word' id='word_1_728' title='bbox 1604 2905 1676 3002; x_wconf 50' lang='lat'>¹5²}</span> <span class='ocrx_word' id='word_1_729' title='bbox 1709 2933 1818 2983; x_wconf 77' lang='lat'>(471.</span> <span class='ocrx_word' id='word_1_730' title='bbox 1846 2933 1934 2971; x_wconf 88' lang='lat' dir='ltr'>Lib.</span> <span class='ocrx_word' id='word_1_731' title='bbox 1962 2933 2018 2983; x_wconf 93' lang='lat'>1.)</span> <span class='ocrx_word' id='word_1_732' title='bbox 2049 2933 2119 2972; x_wconf 72' lang='lat' dir='ltr'>erit</span> <span class='ocrx_word' id='word_1_733' title='bbox 2138 2948 2156 2972; x_wconf 79' lang='lat' dir='ltr'>s</span> <span class='ocrx_word' id='word_1_734' title='bbox 2175 2950 2266 2974; x_wconf 82' lang='lat' dir='ltr'>s=</span> 
     </span>
    </p>
   </div>
   <div class='ocr_carea' id='block_1_10' title="bbox 1226 3023 2267 3122">
    <p class='ocr_par' dir='ltr' id='par_1_10' title="bbox 1226 3023 2267 3122">
     <span class='ocr_line' id='line_1_97' title="bbox 1226 3023 2267 3122; baseline 0.005 -33"><span class='ocrx_word' id='word_1_735' title='bbox 1226 3023 1299 3122; x_wconf 41' lang='grc' dir='ltr'><strong>ξ</strong></span> <span class='ocrx_word' id='word_1_736' title='bbox 1320 3053 1357 3089; x_wconf 90' lang='lat' dir='ltr'>b.</span> <span class='ocrx_word' id='word_1_737' title='bbox 1418 3051 1569 3089; x_wconf 74' lang='lat' dir='ltr'>Verum</span> <span class='ocrx_word' id='word_1_738' title='bbox 1589 3059 1634 3090; x_wconf 89' lang='lat' dir='ltr'>ut</span> <span class='ocrx_word' id='word_1_739' title='bbox 1651 3065 1760 3103; x_wconf 78' lang='lat' dir='ltr'>aquae</span> <span class='ocrx_word' id='word_1_740' title='bbox 1780 3053 1821 3089; x_wconf 90' lang='lat' dir='ltr'>in</span> <span class='ocrx_word' id='word_1_741' title='bbox 1841 3066 1925 3091; x_wconf 84' lang='lat' dir='ltr'>vase</span> <span class='ocrx_word' id='word_1_742' title='bbox 1945 3046 2158 3105; x_wconf 84' lang='lat' dir='ltr'>stagnantis</span> <span class='ocrx_word' id='word_1_743' title='bbox 2177 3056 2267 3094; x_wconf 88' lang='lat' dir='ltr'>alti-</span> 
     </span>
    </p>
   </div>
   <div class='ocr_carea' id='block_1_11' title="bbox 1221 3138 2278 3882">
    <p class='ocr_par' dir='ltr' id='par_1_11' title="bbox 1221 3138 2278 3882">
     <span class='ocr_line' id='line_1_98' title="bbox 1223 3138 2270 3192; baseline 0.005 -16"><span class='ocrx_word' id='word_1_744' title='bbox 1223 3138 1318 3177; x_wconf 91' lang='lat' dir='ltr'>tudo</span> <span class='ocrx_word' id='word_1_745' title='bbox 1337 3146 1375 3176; x_wconf 91' lang='lat' dir='ltr'>et</span> <span class='ocrx_word' id='word_1_746' title='bbox 1393 3138 1573 3176; x_wconf 84' lang='lat' dir='ltr'>velocitas</span> <span class='ocrx_word' id='word_1_747' title='bbox 1592 3151 1660 3186; x_wconf 88' lang='lat' dir='ltr'>per</span> <span class='ocrx_word' id='word_1_748' title='bbox 1678 3139 1852 3177; x_wconf 88' lang='lat' dir='ltr'>foramen</span> <span class='ocrx_word' id='word_1_749' title='bbox 1873 3139 2064 3179; x_wconf 83' lang='lat' dir='ltr'>effluentis</span> <span class='ocrx_word' id='word_1_750' title='bbox 2084 3155 2160 3192; x_wconf 83' lang='lat' dir='ltr'>quo</span> <span class='ocrx_word' id='word_1_751' title='bbox 2173 3150 2270 3181; x_wconf 88' lang='lat' dir='ltr'>tem-</span> 
     </span>
     <span class='ocr_line' id='line_1_99' title="bbox 1223 3193 2271 3240; baseline 0.006 -12"><span class='ocrx_word' id='word_1_752' title='bbox 1223 3204 1315 3240; x_wconf 89' lang='lat' dir='ltr'>pore</span> <span class='ocrx_word' id='word_1_753' title='bbox 1348 3193 1653 3240; x_wconf 84' lang='lat' dir='ltr'>experimentum</span> <span class='ocrx_word' id='word_1_754' title='bbox 1685 3193 1846 3240; x_wconf 84' lang='lat' dir='ltr'>capitur,</span> <span class='ocrx_word' id='word_1_755' title='bbox 1880 3194 2013 3230; x_wconf 86' lang='lat' dir='ltr'>eadem</span> <span class='ocrx_word' id='word_1_756' title='bbox 2035 3195 2085 3232; x_wconf 92' lang='lat' dir='ltr'>ad</span> <span class='ocrx_word' id='word_1_757' title='bbox 2112 3209 2271 3234; x_wconf 85' lang='lat' dir='ltr'>sensum</span> 
     </span>
     <span class='ocr_line' id='line_1_100' title="bbox 1221 3247 2272 3294; baseline 0.006 -13"><span class='ocrx_word' id='word_1_758' title='bbox 1221 3253 1416 3289; x_wconf 84' lang='lat' dir='ltr'>maneant,</span> <span class='ocrx_word' id='word_1_759' title='bbox 1451 3252 1496 3281; x_wconf 89' lang='lat' dir='ltr'>ut</span> <span class='ocrx_word' id='word_1_760' title='bbox 1528 3252 1690 3293; x_wconf 87' lang='lat' dir='ltr'>oportet,</span> <span class='ocrx_word' id='word_1_761' title='bbox 1725 3247 1900 3294; x_wconf 83' lang='lat' dir='ltr'>usurpari</span> <span class='ocrx_word' id='word_1_762' title='bbox 1933 3255 2058 3294; x_wconf 77' lang='lat' dir='ltr'>potest</span> <span class='ocrx_word' id='word_1_763' title='bbox 2085 3262 2152 3286; x_wconf 86' lang='lat' dir='ltr'>vas</span> <span class='ocrx_word' id='word_1_764' title='bbox 2182 3250 2272 3287; x_wconf 81' lang='lat' dir='ltr'>satis</span> 
     </span>
     <span class='ocr_line' id='line_1_101' title="bbox 1223 3297 2273 3347; baseline 0.004 -12"><span class='ocrx_word' id='word_1_765' title='bbox 1223 3297 1398 3345; x_wconf 89' lang='lat' dir='ltr'>amplum</span> <span class='ocrx_word' id='word_1_766' title='bbox 1429 3298 1572 3347; x_wconf 86' lang='lat' dir='ltr'>exiguo</span> <span class='ocrx_word' id='word_1_767' title='bbox 1600 3306 1799 3346; x_wconf 89' lang='lat' dir='ltr'>pertusum</span> <span class='ocrx_word' id='word_1_768' title='bbox 1829 3300 2030 3346; x_wconf 86' lang='lat' dir='ltr'>foramine,</span> <span class='ocrx_word' id='word_1_769' title='bbox 2065 3302 2127 3338; x_wconf 91' lang='lat' dir='ltr'>vel</span> <span class='ocrx_word' id='word_1_770' title='bbox 2149 3302 2180 3339; x_wconf 90' lang='lat' dir='ltr'>si</span> <span class='ocrx_word' id='word_1_771' title='bbox 2208 3315 2273 3339; x_wconf 84' lang='lat' dir='ltr'>vas</span> 
     </span>
     <span class='ocr_line' id='line_1_102' title="bbox 1225 3350 2274 3404; baseline 0.005 -17"><span class='ocrx_word' id='word_1_772' title='bbox 1225 3350 1343 3399; x_wconf 79' lang='lat' dir='ltr'>paulo</span> <span class='ocrx_word' id='word_1_773' title='bbox 1363 3352 1568 3400; x_wconf 76' lang='lat' dir='ltr'>angustius</span> <span class='ocrx_word' id='word_1_774' title='bbox 1580 3352 1818 3398; x_wconf 76' lang='lat' dir='ltr'>adhibeatur,</span> <span class='ocrx_word' id='word_1_775' title='bbox 1835 3361 1986 3390; x_wconf 88' lang='lat' dir='ltr'>tantum</span> <span class='ocrx_word' id='word_1_776' title='bbox 1998 3368 2108 3404; x_wconf 80' lang='lat' dir='ltr'>aquoe</span> <span class='ocrx_word' id='word_1_777' title='bbox 2122 3355 2274 3393; x_wconf 85' lang='lat' dir='ltr'>affundi</span> 
     </span>
     <span class='ocr_line' id='line_1_103' title="bbox 1227 3402 2271 3453; baseline 0.005 -14"><span class='ocrx_word' id='word_1_778' title='bbox 1227 3402 1390 3451; x_wconf 76' lang='lat' dir='ltr'>superne</span> <span class='ocrx_word' id='word_1_779' title='bbox 1402 3405 1515 3441; x_wconf 83' lang='lat' dir='ltr'>debet</span> <span class='ocrx_word' id='word_1_780' title='bbox 1527 3412 1715 3453; x_wconf 84' lang='lat' dir='ltr'>quantum</span> <span class='ocrx_word' id='word_1_781' title='bbox 1732 3418 1799 3453; x_wconf 88' lang='lat' dir='ltr'>per</span> <span class='ocrx_word' id='word_1_782' title='bbox 1813 3406 1973 3444; x_wconf 87' lang='lat' dir='ltr'>inferius</span> <span class='ocrx_word' id='word_1_783' title='bbox 1987 3407 2120 3446; x_wconf 88' lang='lat' dir='ltr'>lumen</span> <span class='ocrx_word' id='word_1_784' title='bbox 2137 3408 2271 3453; x_wconf 84' lang='lat' dir='ltr'>effluit,</span> 
     </span>
     <span class='ocr_line' id='line_1_104' title="bbox 1227 3458 2274 3510; baseline 0.004 -16"><span class='ocrx_word' id='word_1_785' title='bbox 1227 3465 1265 3494; x_wconf 90' lang='lat' dir='ltr'>et</span> <span class='ocrx_word' id='word_1_786' title='bbox 1283 3458 1497 3494; x_wconf 85' lang='lat' dir='ltr'>cavendum</span> <span class='ocrx_word' id='word_1_787' title='bbox 1518 3467 1574 3495; x_wconf 89' lang='lat' dir='ltr'>est</span> <span class='ocrx_word' id='word_1_788' title='bbox 1601 3470 1651 3494; x_wconf 88' lang='lat' dir='ltr'>ne</span> <span class='ocrx_word' id='word_1_789' title='bbox 1670 3458 1794 3496; x_wconf 83' lang='lat' dir='ltr'>affusa</span> <span class='ocrx_word' id='word_1_790' title='bbox 1816 3473 1915 3510; x_wconf 77' lang='lat' dir='ltr'>aqua</span> <span class='ocrx_word' id='word_1_791' title='bbox 1934 3473 2025 3497; x_wconf 90' lang='lat' dir='ltr'>cum</span> <span class='ocrx_word' id='word_1_792' title='bbox 2045 3462 2172 3510; x_wconf 89' lang='lat' dir='ltr'>aliquo</span> <span class='ocrx_word' id='word_1_793' title='bbox 2202 3462 2274 3497; x_wconf 89' lang='lat' dir='ltr'>im-</span> 
     </span>
     <span class='ocr_line' id='line_1_105' title="bbox 1228 3509 2274 3563; baseline 0.004 -17"><span class='ocrx_word' id='word_1_794' title='bbox 1228 3518 1318 3558; x_wconf 85' lang='lat' dir='ltr'>petu</span> <span class='ocrx_word' id='word_1_795' title='bbox 1352 3509 1513 3547; x_wconf 80' lang='lat' dir='ltr'>cadendi</span> <span class='ocrx_word' id='word_1_796' title='bbox 1546 3511 1730 3548; x_wconf 85' lang='lat' dir='ltr'>extimam</span> <span class='ocrx_word' id='word_1_797' title='bbox 1760 3526 1868 3562; x_wconf 82' lang='lat' dir='ltr'>aquae</span> <span class='ocrx_word' id='word_1_798' title='bbox 1887 3513 1927 3550; x_wconf 91' lang='lat' dir='ltr'>in</span> <span class='ocrx_word' id='word_1_799' title='bbox 1947 3526 2034 3550; x_wconf 83' lang='lat' dir='ltr'>vase</span> <span class='ocrx_word' id='word_1_800' title='bbox 2061 3514 2274 3563; x_wconf 82' lang='lat' dir='ltr'>stagnantis</span> 
     </span>
     <span class='ocr_line' id='line_1_106' title="bbox 1230 3562 2275 3614; baseline 0.005 -15"><span class='ocrx_word' id='word_1_801' title='bbox 1230 3562 1470 3611; x_wconf 87' lang='lat' dir='ltr'>superficiem</span> <span class='ocrx_word' id='word_1_802' title='bbox 1491 3565 1668 3614; x_wconf 83' lang='lat' dir='ltr'>attingat.</span> <span class='ocrx_word' id='word_1_803' title='bbox 1732 3566 1886 3610; x_wconf 83' lang='lat' dir='ltr'>Quibus</span> <span class='ocrx_word' id='word_1_804' title='bbox 1913 3575 2042 3604; x_wconf 80' lang='lat' dir='ltr'>autern</span> <span class='ocrx_word' id='word_1_805' title='bbox 2063 3569 2206 3604; x_wconf 87' lang='lat' dir='ltr'>artibus</span> <span class='ocrx_word' id='word_1_806' title='bbox 2234 3566 2275 3604; x_wconf 88' lang='lat' dir='ltr'>id</span> 
     </span>
     <span class='ocr_line' id='line_1_107' title="bbox 1232 3616 2275 3668; baseline 0.003 -15"><span class='ocrx_word' id='word_1_807' title='bbox 1232 3616 1351 3665; x_wconf 87' lang='lat' dir='ltr'>possit</span> <span class='ocrx_word' id='word_1_808' title='bbox 1388 3616 1487 3653; x_wconf 88' lang='lat' dir='ltr'>effici</span> <span class='ocrx_word' id='word_1_809' title='bbox 1516 3616 1605 3654; x_wconf 79' lang='lat' dir='ltr'>fuse</span> <span class='ocrx_word' id='word_1_810' title='bbox 1637 3629 1836 3667; x_wconf 81' lang='lat' dir='ltr'>exponunt</span> <span class='ocrx_word' id='word_1_811' title='bbox 1869 3620 1962 3657; x_wconf 91' lang='lat' dir='ltr'>locis</span> <span class='ocrx_word' id='word_1_812' title='bbox 1999 3619 2115 3668; x_wconf 76' lang='lat' dir='ltr'>supra</span> <span class='ocrx_word' id='word_1_813' title='bbox 2152 3620 2275 3657; x_wconf 85' lang='lat' dir='ltr'>citatis</span> 
     </span>
     <span class='ocr_line' id='line_1_108' title="bbox 1234 3669 2277 3722; baseline 0.003 -15"><span class='ocrx_word' id='word_1_814' title='bbox 1234 3669 1412 3707; x_wconf 73' lang='lat' dir='ltr'>Mat-chio</span> <span class='ocrx_word' id='word_1_815' title='bbox 1449 3671 1619 3708; x_wconf 89' lang='lat' dir='ltr'>Polenus</span> <span class='ocrx_word' id='word_1_816' title='bbox 1651 3680 1689 3708; x_wconf 88' lang='lat' dir='ltr'>et</span> <span class='ocrx_word' id='word_1_817' title='bbox 1725 3673 1867 3710; x_wconf 88' lang='lat' dir='ltr'>Daniel</span> <span class='ocrx_word' id='word_1_818' title='bbox 1905 3674 2153 3710; x_wconf 85' lang='lat' dir='ltr'>Bernoullius</span> <span class='ocrx_word' id='word_1_819' title='bbox 2179 3686 2277 3722; x_wconf 88' lang='lat' dir='ltr'>quos</span> 
     </span>
     <span class='ocr_line' id='line_1_109' title="bbox 1234 3722 2277 3773; baseline 0.004 -15"><span class='ocrx_word' id='word_1_820' title='bbox 1234 3722 1352 3759; x_wconf 89' lang='lat' dir='ltr'>lector</span> <span class='ocrx_word' id='word_1_821' title='bbox 1376 3724 1575 3761; x_wconf 85' lang='lat' dir='ltr'>consulere</span> <span class='ocrx_word' id='word_1_822' title='bbox 1599 3733 1734 3773; x_wconf 87' lang='lat' dir='ltr'>potest.</span> <span class='ocrx_word' id='word_1_823' title='bbox 1792 3727 1978 3763; x_wconf 87' lang='lat' dir='ltr'>Attamen</span> <span class='ocrx_word' id='word_1_824' title='bbox 2014 3727 2071 3762; x_wconf 84' lang='lat' dir='ltr'>his</span> <span class='ocrx_word' id='word_1_825' title='bbox 2098 3727 2277 3764; x_wconf 84' lang='lat' dir='ltr'>adhibitis</span> 
     </span>
     <span class='ocr_line' id='line_1_110' title="bbox 1233 3775 2277 3827; baseline 0.004 -15"><span class='ocrx_word' id='word_1_826' title='bbox 1233 3775 1404 3822; x_wconf 78' lang='lat' dir='ltr'>cautelis,</span> <span class='ocrx_word' id='word_1_827' title='bbox 1425 3777 1602 3814; x_wconf 87' lang='lat' dir='ltr'>velocitas</span> <span class='ocrx_word' id='word_1_828' title='bbox 1620 3790 1732 3827; x_wconf 88' lang='lat' dir='ltr'>aquae</span> <span class='ocrx_word' id='word_1_829' title='bbox 1752 3791 1819 3827; x_wconf 89' lang='lat' dir='ltr'>per</span> <span class='ocrx_word' id='word_1_830' title='bbox 1837 3792 1944 3816; x_wconf 86' lang='lat' dir='ltr'>venae</span> <span class='ocrx_word' id='word_1_831' title='bbox 1962 3787 2165 3816; x_wconf 87' lang='lat' dir='ltr'>contractae</span> <span class='ocrx_word' id='word_1_832' title='bbox 2193 3792 2277 3816; x_wconf 90' lang='lat' dir='ltr'>sec-</span> 
     </span>
     <span class='ocr_line' id='line_1_111' title="bbox 1233 3829 2278 3882; baseline 0.007 -17"><span class='ocrx_word' id='word_1_833' title='bbox 1233 3829 1379 3866; x_wconf 86' lang='lat' dir='ltr'>tionem</span> <span class='ocrx_word' id='word_1_834' title='bbox 1407 3829 1600 3868; x_wconf 73' lang='lat' dir='ltr'>effluentis</span> <span class='ocrx_word' id='word_1_835' title='bbox 1627 3830 1745 3880; x_wconf 75' lang='lat' dir='ltr'>paulo</span> <span class='ocrx_word' id='word_1_836' title='bbox 1771 3831 1899 3869; x_wconf 87' lang='lat' dir='ltr'>minor</span> <span class='ocrx_word' id='word_1_837' title='bbox 1925 3844 1993 3882; x_wconf 87' lang='lat' dir='ltr'>per</span> <span class='ocrx_word' id='word_1_838' title='bbox 2020 3833 2278 3881; x_wconf 67' lang='lat' dir='ltr'>experimenta</span> 
     </span>
    </p>
   </div>
   <div class='ocr_carea' id='block_1_12' title="bbox 1165 3898 1248 3936">
    <p class='ocr_par' dir='ltr' id='par_1_12' title="bbox 1165 3898 1248 3936">
     <span class='ocr_line' id='line_1_112' title="bbox 1165 3898 1248 3936; baseline -0.012 0"><span class='ocrx_word' id='word_1_839' title='bbox 1165 3898 1248 3936; x_wconf 88' lang='lat'>04</span> 
     </span>
    </p>
   </div>
  </div>
 </body>
</html>
