2502 4192
250 268 352 316 128

747 263 1311 318 PHILOSOPHIAE
1353 263 1804 316 NATURALIS

1913 264 2088 329 [Mor.
2119 264 2368 327 Conpon.

1086 681 1388 742 SECTIO
1430 681 1507 742 V.

282 838 382 896 De
403 838 677 897 densitate
704 846 761 896 et
783 839 1186 917 compressione
1186 841 1528 918 fluidorum,
1562 843 1738 917 deque
1764 839 2171 916 lzydrostaticci.
2204 839 2302 920 (³¹²)

1062 991 1314 1044 Definitio
1341 992 1529 1045 Fluidi.

233 1133 465 1184 Fluidum
490 1140 561 1183 est
585 1149 758 1199 corpus
783 1149 933 1195 omne,
962 1150 1094 1200 cujus
1111 1140 1290 1200 partes
1313 1135 1489 1185 cedunt
1514 1135 1565 1185 vi
1588 1136 1852 1203 cuicunque
1871 1136 2044 1198 illatae,
2072 1141 2120 1186 et
2143 1134 2355 1187 cedendo

947 1228 1116 1296 facile
1140 1235 1390 1280 moventur
1414 1229 1546 1279 inter
1569 1246 1633 1279 se.

591 1436 1058 1491 PROPOSITIO
1097 1436 1261 1490 XIX.

1336 1435 1785 1489 THEOREMA
1823 1434 1965 1487 XIV

223 1582 402 1633 Raida·
434 1583 717 1650 homogenei
753 1592 801 1634 et
837 1585 1038 1646 immoti,
1085 1585 1216 1651 quod
1238 1583 1292 1633 in
1328 1600 1440 1635 vase
1475 1599 1754 1650 quocunque
1790 1582 1984 1632 immoto
2019 1580 2268 1631 clauditur
2303 1576 2353 1628 et

295 1672 511 1737 undique
535 1657 888 1738 comprimitur,
924 1680 1102 1739 partes
1127 1690 1287 1723 omnes
1325 1670 1359 1740 (
1360 1668 1574 1738 seposita
1607 1669 2018 1730 condensationiS‚
2057 1667 2346 1736 gravitatis,

294 1765 343 1808 et
372 1760 548 1809 virium
575 1761 786 1809 omnium
811 1761 1194 1826 centripetarum
1219 1757 1645 1826 consideratione)
1671 1758 1932 1832 aequaliter
1945 1763 2241 1822 premuntur
2257 1772 2349 1805 un-

293 1847 455 1913 dique,
483 1855 531 1898 et
553 1849 661 1899 sine
674 1850 819 1899 ,omni
844 1856 974 1899 motu
997 1868 1030 1900 a
1046 1850 1303 1916 pressione
1327 1845 1419 1899 illa
1443 1854 1553 1898 orto
1567 1853 1866 1913 permanent
1891 1847 1945 1896 in
1969 1846 2088 1897 locis
2112 1845 2226 1897 suis·

297 1987 405 2038 C'as.
439 1994 483 2038 1.
537 1987 602 2039 In
626 2006 745 2040 vase
771 1986 1024 2057 sphaerico
1050 1989 1102 2040 A
1129 1989 1175 2040 B
1198 1988 1243 2040 C
1269 1986 1535 2039 claudatur
1560 1995 1612 2038 et
1635 1985 1961 2037 uniformiter
1980 1984 2349 2054 comprimatur

219 2076 434 2127 fluidum
463 2076 716 2146 undique:
756 2077 872 2128 dico
897 2077 1037 2147 quod
1062 2076 1290 2146 ejusdem
1321 2094 1441 2145 pars
1466 2075 1607 2127 nulla
1633 2093 1699 2126 ex
1723 2073 1808 2125 issa
1830 2076 2096 2143 pressione
2120 2073 2347 2124 movebi-

220 2176 319 2215 tur.

397 2163 532 2214 Nam
558 2164 599 2215 si
624 2182 743 2232 pars
781 2164 952 2235 aliqua
976 2166 1031 2217 D
1057 2175 1337 2228 moveatur,
1382 2182 1592 2216 necesse
1629 2174 1707 2215 est
1744 2173 1801 2216 ut
1836 2181 2014 2219 omnes
2051 2161 2346 2232 hujusmodi

219 2261 391 2320 partes
417 2251 484 2302 ad
509 2251 724 2303 eandem
749 2271 780 2304 a
804 2263 983 2304 centro
1020 2252 1312 2306 distantiam
1347 2253 1575 2326 undique
1613 2252 1963 2315 consistenteS,
2006 2251 2158 2303 simili
2199 2260 2345 2302 motu

273 2396 337 2448 (³⁵¹)
362 2400 448 2435 168.
479 2392 750 2446 Hydrostatica'
770 2399 826 2431 est
844 2392 1000 2431 scientia
1019 2392 1255 2442 pressionum

219 2461 314 2498 quas
347 2449 468 2486 fluida
486 2448 544 2486 vel
563 2448 733 2496 ipsorum
759 2455 884 2495 partes
901 2446 942 2484 in
972 2459 1012 2484 se
1038 2444 1177 2485 mutuo
1197 2446 1256 2485 vel

218 2501 259 2538 in
279 2515 434 2551 corpora
452 2501 572 2539 solida
591 2507 777 2538 exercent.

276 2559 360 2594 169.
421 2558 610 2594 Fluidum
644 2556 915 2602 lzomogeneum
950 2552 1101 2600 dicitur,
1143 2553 1255 2604 cujus

220 2606 386 2646 densitas
404 2618 459 2646 est
478 2607 693 2654 uniformis,
713 2604 809 2644 adeo
827 2615 872 2644 ut
890 2606 1073 2644 nimirum
1098 2608 1256 2658 aequalis

220 2662 387 2698 materiae
423 2661 614 2712 quantitas
649 2662 720 2698 sub
757 2658 1015 2697 voluminibus
1045 2660 1255 2709 aequalibus

222 2714 364 2764 ubique
399 2727 467 2763 per
499 2722 618 2753 totam
654 2712 764 2751 fluidi
799 2724 964 2750 massam
1000 2714 1252 2760 contineatur,

218 2770 396 2819 fluidum
423 2771 705 2818 heterogeneum
731 2765 944 2816 appellatur
961 2766 1073 2816 cujus
1092 2766 1256 2805 densitas

225 2821 426 2859 uniformis
443 2834 522 2858 non
541 2829 609 2859 est·

276 2878 362 2912 170.
414 2876 585 2914 Gravitas
602 2875 770 2927 specifica
788 2871 953 2921 corporis
971 2879 1027 2910 est
1044 2874 1140 2911 ratio
1158 2886 1254 2922 pon-

223 2925 321 2964 deris
347 2927 518 2978 ejusdem
544 2927 594 2965 ad
612 2927 817 2972 volumen;
845 2924 900 2963 ita
916 2932 962 2963 ut
980 2938 1137 2975 corpora
1154 2927 1255 2977 ejus-

224 2979 311 3016 dem
329 2980 521 3031 gravitatis
539 2979 723 3029 specificae
738 2978 914 3017 dicantur
931 2991 1018 3030 quae
1037 2982 1108 3017 sub
1127 2992 1255 3030 aequa-

224 3032 323 3069 libus
349 3033 607 3071 voluminibus
634 3032 780 3084 aequale
804 3032 955 3081 pondus
971 3033 1136 3079 habent;
1169 3045 1254 3081 spe-

224 3084 329 3123 cifice
357 3087 528 3136 graviora
556 3086 614 3124 vel
643 3085 783 3124 leviora
812 3098 899 3135 quae
937 3087 1007 3123 sub
1044 3085 1255 3136 aequalibus

225 3138 481 3177 voluminibus
500 3141 624 3189 majus
649 3139 710 3176 vel
736 3138 865 3175 minus
890 3138 1042 3186 pondus
1061 3138 1253 3186 continet;

223 3190 340 3241 quare
368 3205 457 3230 cum
490 3192 654 3230 densitas
685 3192 733 3229 sit
764 3191 860 3229 ratio
893 3204 1029 3230 massae
1063 3190 1113 3228 ad
1145 3191 1254 3229 volu-

220 3257 309 3282 men
328 3245 493 3294 corporis
512 3247 567 3296 (2.
594 3245 681 3284 Lib.
708 3243 765 3294 Ι.)
799 3244 865 3281 ubi
895 3244 1065 3293 pondera
1091 3252 1182 3282 sunt
1208 3252 1253 3283 ut

219 3310 363 3341 massae,
385 3299 585 3348 gravitates
603 3297 787 3346 specificae
804 3304 895 3335 sunt
910 3306 953 3336 ut
966 3297 1180 3335 densitates

275 3355 362 3391 171.
393 3351 569 3388 Lemma.
602 3354 815 3390 Presstones
834 3364 929 3401 quas
943 3365 1096 3400 corpora
1114 3353 1252 3401 quoevis

219 3407 262 3443 in
279 3418 316 3443 se
335 3404 459 3443 motu&
478 3412 659 3449 exercent,
667 3403 902 3457 fiuntjuoetd
921 3407 1138 3443 directiones
1151 3418 1251 3443 com-

219 3460 331 3497 muni
357 3460 470 3508 plano
500 3459 736 3508 contingenti
757 3459 1099 3507 perpendiculares,
1126 3464 1161 3495 et
1180 3471 1252 3506 per

212 3519 410 3562 punctum
428 3512 686 3560 contingentiae
698 3513 913 3549 eorumdem
927 3524 1126 3560 corporum
1144 3517 1251 3549 tran·-

218 3573 425 3666 muggrpus
454 3616 495 3655 N
514 3615 551 3654 vi
568 3613 738 3667 qualibet
762 3615 976 3654 secundum
1001 3615 1249 3654 directionem

224 3669 257 3706 F
280 3671 311 3708 C
333 3679 526 3722 urgeatur,
560 3676 812 3719 tangatur-que
830 3669 870 3706 in
893 3669 933 3706 D
952 3681 976 3706 a
992 3681 1149 3718 corpore
1177 3669 1250 3716 M3

176 3722 178 3724 ’
220 3722 452 3769 producatur
473 3724 506 3761 F
528 3723 560 3761 C
585 3729 630 3760 ut
649 3721 763 3770 plano
794 3723 831 3760 A
854 3722 888 3759 B
916 3720 1020 3771 quod
1044 3729 1253 3776 utrumque

221 3786 360 3825 corpus
377 3777 567 3828 contingit
584 3775 626 3813 in
647 3775 688 3813 D
707 3782 879 3814 occurrat
895 3774 937 3812 in
957 3774 1015 3821 H,
1045 3773 1164 3814 dueta
1189 3786 1257 3824 per

1311 2393 1353 2431 D
1380 2393 1482 2431 recta
1511 2393 1552 2431 D
1576 2387 1613 2431 C
1633 2391 1681 2429 ad
1709 2391 1871 2441 planum
1902 2391 1937 2429 A
1963 2392 1998 2429 B
2026 2391 2341 2440 perpendiculari,

1308 2443 1364 2484 vis*
1381 2447 1458 2497 qua
1477 2459 1615 2495 corpus
1637 2446 1673 2482 N
1694 2452 1864 2495 urgetur,
1885 2454 2097 2482 exnonatur
2115 2457 2182 2493 per
2201 2445 2340 2482 lineam

1311 2500 1343 2539 C
1367 2501 1424 2545 H,
1458 2507 1496 2537 et
1526 2501 1608 2536 haec
1641 2500 1725 2550 (per
1753 2499 1849 2547 Leg.
1877 2498 1974 2534 Mot.
2001 2498 2089 2534 Cor.
2114 2497 2173 2545 9.)
2206 2499 2343 2535 resolvi

1306 2552 1442 2603 poterit
1461 2554 1501 2590 in
1521 2553 1618 2591 vires
1636 2550 1923 2602 aequipollentes
1944 2551 1976 2589 C
1995 2551 2035 2588 D
2055 2559 2093 2588 et
2114 2551 2155 2588 D
2172 2551 2230 2588 H.
2266 2551 2340 2590 Sed

1302 3631 1440 3668 corpus
1473 3619 1521 3657 M
1552 3618 1711 3657 minim&
1738 3619 1922 3667 premitur
1939 3617 1975 3654 vi
1998 3617 2038 3654 D
2061 3616 2103 3653 H
2124 3615 2337 3652 secundum

1305 3672 1553 3710 directionem
1572 3672 1677 3720 plani
1695 3671 1893 3709 contactus
1919 3676 2080 3719 agente;
2113 3667 2230 3718 quare
2257 3665 2338 3704 sola

1304 3724 1343 3762 vi
1364 3725 1396 3763 C
1413 3725 1453 3762 D
1472 3724 1521 3761 ad
1539 3724 1698 3772 planum
1720 3725 1757 3761 A
1777 3724 1811 3762 B
1832 3722 1993 3760 normali
2010 3729 2047 3759 et
2065 3733 2133 3769 per
2151 3727 2338 3768 punctum

1309 3776 1507 3815 contact0s
1529 3777 1569 3815 D
1588 3784 1805 3814 transeunte
1822 3774 2017 3825 premitur.
2080 3774 2131 3819 Q.
2152 3785 2185 3811 e.
2208 3772 2247 3810 d.
