2502 4192
176 306 360 362 Lunna
389 307 661 372 SEcuNn]
744 307 1144 370 PRINCIPIA
1186 307 1808 361 MATHEMATICAa
2213 320 2315 368 109

168 456 369 515 partem
393 446 551 509 illam,
583 465 700 517 quae
725 449 890 498 oritur
915 466 980 499 ex
1006 447 1258 499 densitate
1283 446 1447 509 fluidi,
1477 447 1702 497 diximus
1729 465 1840 497 esse
1865 445 1919 497 in
1945 446 2207 515 duplicata
2230 469 2313 502 ra-

168 537 307 588 tione
327 537 638 600 velocitatis3
664 558 785 608 pars
813 540 988 601 altera,
1018 557 1134 608 quae
1160 539 1324 590 oritur
1350 557 1418 590 ex
1438 540 1710 591 tenacitate
1728 539 1889 603 fluidi,
1920 550 1997 591 est
2022 540 2307 605 uniformis,

168 626 272 679 sive
298 637 356 679 ut
380 638 702 680 momentum
728 629 1005 697 temporis:
1045 628 1265 697 ideoque
1283 629 1392 697 jam
1418 646 1638 699 pergere
1662 628 1841 679 liceret
1866 627 1932 678 ad
1957 638 2157 679 motum
2195 647 2308 680 cor-

163 734 365 784 porum,
396 717 583 785 quibus
607 718 858 768 resistitur
881 716 1071 785 partim
1107 716 1158 767 vi
1195 715 1439 766 uniformi
1477 735 1568 767 seu
1605 717 1658 766 in
1695 716 1895 767 ratione
1921 727 2307 770 momentorum

163 806 425 873 temporiS‚
467 816 518 857 et
553 807 744 875 paltim
781 806 835 856 in
871 805 1069 856 ratione
1108 804 1368 873 duplicata
1389 804 1687 856 velocitatis.
1769 804 1873 857 Sed
1900 805 2085 856 sufficit
2109 805 2306 857 aditum

160 895 463 965 patefecisse
500 897 567 948 ad
603 896 738 948 hanc
776 896 1179 965 speculationem
1215 895 1270 945 in
1310 896 1758 963 Propositionibus
1786 897 1944 948 VIII.
1977 906 2028 947 et
2054 896 2158 947 IX.
2187 916 2304 966 quae

158 983 479 1050 praecedunt,
509 995 561 1036 et
585 1003 764 1037 eorum
793 984 1110 1036 Corollariis.
1167 984 1229 1052 (¹¹)
1251 984 1316 1035 In
1341 983 1525 1035 iisdem
1544 985 1720 1054 utique
1740 1004 1837 1053 pro
1863 986 2095 1054 corporis
2121 1005 2302 1038 ascen·
2335 991 2340 998 ’

158 1072 327 1125 dentis
365 1075 653 1127 resistentia
693 1076 950 1138 uniformi,
991 1093 1108 1144 quae
1135 1093 1202 1126 ex
1228 1076 1335 1144 ejus
1361 1074 1612 1145 gravitate
1638 1077 1818 1139 oritur,
1861 1077 2100 1128 substitui
2124 1089 2299 1147 potest
2333 1077 2335 1080 ’

158 1163 447 1215 resistentia
474 1163 758 1228 uniformis,
800 1183 916 1235 quae
941 1165 1108 1215 oritur
1133 1182 1200 1216 ex
1225 1164 1498 1216 tenacitate
1524 1165 1697 1228 medii,
1738 1167 1946 1235 quando
1973 1185 2160 1236 corpus
2188 1168 2298 1221 sola

158 1251 206 1302 vi
231 1251 381 1304 insita
407 1263 671 1315 movetur3
713 1263 764 1305 et
801 1273 1018 1323 corpore
1054 1253 1193 1306 recta
1233 1254 1541 1307 ascendente
1579 1255 1771 1307 addere
1796 1257 1918 1309 licet
1940 1256 2076 1309 hanc
2102 1259 2299 1310 unifor-

156 1360 292 1393 mem
335 1343 677 1394 resistentiam
719 1344 770 1395 vi
812 1343 1105 1414 gravitatis3
1157 1343 1479 1414 eandemque
1518 1344 1821 1408 subducere,
1866 1346 2075 1416 quando
2109 1365 2298 1416 corpus

155 1428 297 1482 recta
321 1430 604 1483 descendit.
683 1432 910 1503 Pergere
936 1432 1091 1484 etiam
1127 1431 1305 1484 liceret
1330 1413 1398 1483 ad
1422 1420 1622 1484 motum
1661 1452 1955 1502 corporum,
2003 1436 2191 1505 quibus
2216 1455 2299 1488 re-

100 1556 107 1574 ;
153 1521 347 1573 sistitur
381 1523 572 1590 partim
597 1522 937 1585 uniformiter,
976 1523 1166 1591 partim
1191 1524 1246 1574 in
1270 1524 1469 1575 ratione
1494 1512 1793 1585 velocitatis,
1834 1534 1886 1575 et
1908 1526 2100 1592 partim
2123 1526 2178 1576 in
2215 1544 2297 1577 ra-

152 1612 291 1663 tione
310 1611 568 1679 duplicata
594 1611 896 1664 velocitatis.
979 1612 1051 1663 Et
1077 1613 1213 1663 viam
1239 1612 1419 1680 aperui
1444 1612 1498 1661 in
1527 1612 1977 1680 Propositionibus
1994 1614 2297 1682 praeceden-

151 1702 287 1754 tibus
315 1702 481 1754 XIII.
509 1712 560 1753 et
586 1701 742 1753 XIV.
773 1702 842 1771 (x)
870 1702 924 1753 in
952 1701 1138 1772 quibus
1166 1701 1320 1753 etiam
1347 1700 1635 1752 resistentia
1661 1700 1946 1762 uniformis,
1987 1719 2104 1770 quae
2131 1703 2296 1754 oritur

149 1814 216 1846 ex
241 1795 514 1846 tenacitate
539 1794 700 1846 medii
726 1812 824 1862 pro
841 1794 891 1844 vi
915 1792 1198 1864 gravitatiS,
1242 1792 1480 1844 substitui
1518 1801 1705 1859 potest,
1746 1790 1828 1842 vel
1854 1809 1973 1842 cum
1998 1789 2196 1855 eadem,
2236 1801 2294 1844 ut

146 1884 308 1951 prius,
337 1883 592 1951 componi.
671 1882 775 1935 Sed
798 1901 1025 1967 propero
1050 1882 1117 1933 ad
1141 1882 1254 1933 alia.

1246 2044 1471 2092 exponebat,
1493 2054 1686 2079 summam
1704 2040 1899 2091 gravitatis
1913 2047 1950 2077 et
1964 2039 2188 2078 resistentiae
2198 2041 2285 2080 uni-

222 2045 239 2063 u
281 2048 302 2070 *
398 2048 419 2055 ..
593 2048 600 2056 .

202 2048 216 2096 (
244 2045 258 2094 )
325 2047 377 2084 In
391 2049 522 2085 marem
540 2054 676 2097 unque
699 2044 826 2095 (105).
1245 2097 1380 2134 formis
1416 2096 1457 2132 in
1494 2094 1683 2145 praedictis
1720 2093 2070 2131 constructionibus
2106 2101 2283 2143 exponet.

201 2098 259 2150 (f)
292 2101 312 2123 ³¹⁶
335 2102 387 2138 In
420 2103 553 2148 quihus
582 2106 693 2139 etiam
725 2099 935 2137 resistentia
972 2100 1190 2150 unifhrmiS,

148 2151 221 2189 hoc
241 2159 308 2197 est,
338 2152 368 2189 si
388 2163 526 2199 corpus
546 2152 625 2191 sola
644 2153 680 2189 vi
699 2150 816 2189 insita
842 2152 998 2198 feratur,
1029 2153 1069 2190 in
1098 2163 1191 2190 con—

145 2205 420 2243 structionibus
442 2207 556 2254 Prop.
585 2205 715 2243 XIII.
749 2213 787 2243 et
816 2206 956 2249 XIV„
986 2218 1073 2255 quae
1101 2214 1192 2242 sunt

145 2269 215 2306 pro
234 2259 400 2306 corporis
418 2272 586 2301 ascensu,
611 2258 695 2296 loco
713 2258 908 2309 gravitatis
927 2258 1192 2296 substituenda

144 2318 203 2347 est
221 2311 431 2349 resistentia
449 2311 655 2349 uniformis
673 2324 760 2361 quae
782 2313 905 2349 oritur
923 2324 967 2348 ex
989 2312 1191 2349 tenacitate

1248 2149 1425 2189 Tandem
1437 2149 1468 2187 si
1489 2161 1630 2199 corpus
1647 2148 1682 2186 vi
1701 2147 1896 2200 gravitatis
1910 2146 2127 2194 descendat,
2150 2147 2286 2187 eadem

1244 2205 1437 2255 quantitas
1464 2217 1551 2254 quae
1579 2203 1699 2240 solam
1719 2203 1942 2252 gravitatem
1963 2204 2188 2250 exponebat,
2219 2215 2286 2240 ex-

1244 2270 1396 2295 cessum
1422 2257 1619 2308 gravitatis
1637 2254 1752 2304 supra
1769 2254 2022 2293 resistentiam
2049 2256 2285 2294 uniformem

1243 2310 1286 2347 in
1318 2310 1662 2349 constructionibus
1689 2322 1776 2359 quae
1804 2315 1895 2345 sunt
1922 2320 1991 2356 pro
2018 2307 2205 2347 descensu
2223 2321 2284 2347 re-

143 2363 262 2400 medii
288 2379 299 2411 ;
321 2364 353 2401 si
372 2378 510 2413 corpus
541 2365 748 2402 ascendens
781 2365 818 2403 vi
849 2365 1043 2415 gravitatis
1071 2366 1186 2403 etiam
1239 2365 1483 2413 praesentabit
1504 2363 1665 2415 (caeteris
1683 2361 1964 2410 manentibus)

143 2424 340 2467 urgeatur,
379 2418 571 2469 quantitas
597 2417 664 2455 ille.
690 2430 778 2468 quae
809 2419 928 2456 solam
961 2418 1185 2469 gravitatem
