2502 4192
251 269 315 313 10

297 406 413 443 Corol.
445 408 482 442 3.
531 407 647 444 Datis
675 407 904 456 logarithmis
938 407 1104 457 cujusvis
1138 409 1280 457 speciei,

244 458 457 505 logarithmi
489 458 589 498 alius
613 462 744 508 speciei
769 462 904 498 eisdem
935 462 1104 498 numeris
1130 474 1281 509 respon-

242 512 371 548 dentes
400 512 563 550 invenirt‘
586 519 759 560 possunt,
796 514 829 551 si
854 515 993 551 dentur
1021 515 1281 562 suhtangentes

244 565 447 614 utriusque
477 566 610 613 speciei
619 584 633 611 ;
679 565 788 603 Hinc
818 565 851 602 si
887 564 1028 602 dentur
1061 565 1282 615 logarithmi

242 626 410 664 quorum
438 619 673 668 subtangens
699 625 758 655 est
782 618 910 656 unitas
939 619 1024 669 (qui
1047 619 1280 666 hyperbolici

242 667 457 717 dicuntur),
491 669 614 720 sitque
645 670 735 709 data
765 673 999 720 subt-angens
1026 671 1124 709 alius
1142 672 1278 719 speciei

242 720 444 760 ‚4349944
459 722 762 770 multiplicentur
771 724 990 775 logarithmi
1005 724 1082 761 dati
1094 737 1161 773 per
1174 726 1279 762 hunc

243 785 462 819 numerum,
497 776 815 826 habebunturque
847 776 1071 814 eorumdem
1097 790 1277 815 numero-

242 838 331 863 rum
350 826 571 877 logarithmi
589 828 629 865 in
644 830 716 867 hac
734 828 853 867 altera
870 829 1006 877 specie,
1028 837 1073 867 ut
1090 830 1210 880 liquet
1229 842 1275 868 ex

243 880 317 917 hoc
338 880 476 919 Theor.
533 880 706 931 Ideoque
724 883 765 919 in
783 891 978 931 posterum
996 895 1064 931 per
1088 884 1187 921 hanc
1214 896 1280 921 ex·

246 933 481 981 pressionem
502 934 550 972 L.
574 947 611 981 x,
639 935 901 986 intelligemus
917 935 1191 985 logarithmum
1209 938 1279 986 hy-

245 986 485 1033 perbolicum
503 989 724 1038 quantitatis
739 1001 774 1034 x,
795 989 862 1038 qui
881 988 913 1026 si
925 988 1201 1038 multiplicetur
1213 1002 1282 1038 per

242 1039 497 1088 quantitatem
528 1040 739 1090 quamlibet
761 1050 807 1079 ut
836 1055 869 1084 a,
903 1055 927 1079 a
955 1041 1003 1079 L.
1036 1054 1061 1078 x
1094 1042 1280 1090 exprimet

238 1089 516 1139 logarithmum
542 1106 567 1130 x
594 1106 643 1130 ex
670 1094 715 1133 ea
741 1094 864 1143 specie
891 1094 1161 1144 depromptum
1189 1109 1276 1146 quoe

239 1143 355 1182 habet
373 1157 396 1182 a
413 1158 484 1193 pro
501 1148 769 1198 subtangente,
788 1155 845 1185 est
864 1148 967 1185 enim
991 1152 1008 1185 l
1032 1163 1041 1186 ε
1066 1161 1090 1186 a
1107 1164 1165 1185 =
1182 1149 1229 1187 L.
1250 1161 1275 1186 x

243 1195 293 1233 ad
311 1209 403 1234 eum
420 1198 694 1248 logarithmum
712 1200 779 1251 qui
797 1213 890 1250 ergo
908 1200 980 1238 erit
997 1214 1020 1237 a
1041 1201 1088 1238 L.
1112 1213 1148 1238 x.

291 1253 356 1288 39.
391 1254 516 1289 Probl.
539 1255 599 1291 II.
642 1252 748 1292 Datc‘i
775 1252 947 1292 ordinant
966 1256 1226 1303 logaritkmicae
1243 1261 1279 1294 et

241 1302 323 1351 ejus
340 1303 510 1351 abscissa,
539 1308 705 1344 invenire
731 1306 811 1356 ejus
834 1308 1131 1356 subtangentem,
1159 1310 1272 1346 dum-

240 1358 346 1393 modo
372 1358 525 1398 alterius
544 1359 740 1410 cujuslibet
763 1361 1025 1410 logariclzmicae
1050 1362 1279 1411 subcangens

242 1410 408 1448 sit-data.

251 3195 298 3238 Τ
518 3194 552 3239 c
846 3197 879 3237 ‘1
912 3197 953 3239 0.
1109 3182 1146 3226 0

303 3293 410 3331 'Data
427 3293 475 3331 sit
493 3296 727 3344 subtangens
753 3295 1027 3346 logarithmicae
1050 3297 1083 3336 P
1107 3304 1153 3346 Β,
1173 3303 1280 3355 loga..

247 3345 435 3383 rithmicae
463 3345 552 3384 vero
575 3348 613 3385 R
634 3348 675 3386 D
694 3347 783 3385 data
801 3350 848 3387 sit
866 3350 1028 3388 abscissa
1049 3352 1081 3390 C
1106 3357 1147 3400 Q
1162 3365 1201 3395 et
1219 3370 1279 3395 01·-

249 3398 380 3436 dinata
398 3399 435 3443 Q
458 3400 509 3445 R,
542 3401 725 3449 quaeritur
751 3402 867 3452 hujus
892 3403 1165 3453 logarithmicae
1192 3413 1282 3448 sub-

247 3459 432 3502 tangens:
470 3453 676 3496 Quaeratur
693 3453 861 3501 primum
889 3457 1051 3495 abscissa
1067 3472 1155 3509 quae
1171 3462 1212 3500 in
1227 3463 1282 3500 lo-

250 3505 475 3553 garithmica
509 3506 544 3543 P
579 3506 615 3544 B
652 3507 896 3554 responderet
925 3510 1109 3551 ordinatae
1145 3515 1284 3566 aequali

255 3558 295 3600 Q
317 3558 367 3601 R,
388 3570 455 3605 per
476 3557 606 3596 Probl.
632 3558 665 3595 I.
697 3559 820 3609 sitque
846 3573 891 3598 ea
921 3564 959 3599 A
982 3563 1042 3609 Μ,
1072 3566 1214 3618 fiatque
1240 3579 1285 3606 ut

255 3610 294 3647 A
316 3610 363 3647 M
384 3610 433 3647 ad
454 3611 487 3649 C
509 3611 546 3654 Q
572 3612 626 3649 ita
644 3613 878 3663 subtangens
897 3614 984 3652 data
1002 3617 1050 3654 ad
1070 3621 1280 3669 quaesitam.

306 3664 478 3714 Exempl.
513 3664 563 3702 In
581 3664 721 3702 tabulis
739 3664 1068 3716 logarithmorum,
1102 3672 1285 3723 logarith-

252 3725 341 3751 mus
359 3716 511 3754 numeri
529 3721 565 3754 2.
589 3724 647 3755 est
660 3722 871 3757 .8010300.
896 3720 927 3756 si
947 3733 1038 3771 ergo
1052 3726 1287 3773 concipiatur

252 3765 518 3817 logarithmica
544 3771 656 3822 cujus
673 3771 845 3809 abscissae
872 3772 949 3811 sint
974 3773 1214 3827 logarithmis
1231 3787 1288 3817 ta-

746 261 1197 316 PHILOSOPH
1206 260 1307 313 1AE
1348 260 1800 315 NATURALIS

1910 262 2086 327 [Mor.
2117 262 2369 315 CORPOR.

1335 405 1516 444 bularum
1535 407 1713 458 aequales,
1732 414 1771 445 et
1789 407 1901 459 cujus
1914 408 2099 447 ordinatae
2112 408 2187 446 sint
2205 407 2370 458 aequales

1334 461 1505 496 numeris
1523 460 1578 497 eis
1594 460 1830 510 logarithmis
1848 462 2238 510 correspondentibus,
2263 473 2369 510 quae-

1333 519 1514 562 raturque
1532 513 1615 563 ejus
1629 514 1904 564 logarithmicae
1924 516 2177 565 subtangens3
2198 514 2368 551 invenia-

1335 572 1400 602 tur
1417 565 1457 601 in
1476 565 1593 603 altera
1618 566 1883 617 logarithmica
1909 567 2019 618 cujus
2051 570 2286 617 subtangens
2313 573 2369 603 est

1335 617 1463 655 unitas
1481 619 1641 657 abscissa
1659 620 1891 668 respondens
1905 621 2088 658 ordinatae
2106 632 2193 670 quae
2212 620 2259 656 sit
2278 619 2366 656 uni—

1333 670 1421 708 tatis
1457 671 1576 720 dupla
1622 674 1707 721 (per
1746 673 1834 711 Cor.
1866 678 1901 711 2.
1934 673 2049 711 Prob.
2092 672 2144 721 Ι.)
2191 685 2277 721 quae
2312 679 2369 709 est

1332 728 1543 763 .6931472.
1581 724 1722 776 fiatque
1752 735 1798 763 ut
1828 730 2041 765 ‚6951472
2073 725 2122 763 ad
2149 729 2361 763 .3010300.
2390 743 2397 754 ⁵

1343 774 1401 813 ita
1426 777 1554 815 unitas
1579 777 1629 815 ad
1654 780 1947 829 subtangentem
1964 778 2239 830 logarithmicae
2257 778 2367 815 tabu-

1335 835 1461 867 larum
1479 843 1566 880 quae
1583 830 1801 869 invenietur
1819 836 2030 871 .4542944.

1390 886 1504 922 Corol.
1546 883 1654 921 Hinc
1672 884 1761 922 dato
1779 884 2010 935 logarithmo
2028 884 2190 934 alicujus
2215 883 2368 921 numeri

1335 934 1537 984 desumpto
1554 949 1600 973 ex
1619 936 1885 987 logarithmica
1903 937 2014 987 cujus
2028 939 2261 987 subtangens
2279 936 2369 974 data

1335 996 1402 1034 est,
1430 989 1630 1027 habebitur
1647 991 1730 1039 ejus
1747 990 1900 1028 numeri
1926 990 2177 1041 logarithmus
2195 990 2237 1027 in
2256 991 2366 1027 tabu-

1333 1040 1393 1087 lis,
1416 1040 1579 1079 dicendo
1596 1050 1641 1080 ut
1658 1044 1894 1093 subtangens
1911 1042 2000 1081 data
2017 1043 2066 1081 ad
2084 1047 2298 1082 .4542944.
2314 1042 2367 1079 ita

1335 1093 1590 1144 logarithmus
1617 1095 1730 1134 datus
1752 1095 1802 1134 ad
1820 1095 1993 1147 ejusdem
2010 1096 2163 1134 numeri
2180 1095 2363 1147 logarith-

1330 1159 1441 1184 mum
1459 1147 1501 1184 in
1520 1147 1670 1186 tabulis.

1383 1204 1446 1237 40.
1472 1203 1596 1239 Probl.
1619 1204 1704 1240 III.
1763 1204 1816 1241 Sit
1846 1204 2039 1252 quantitas
2065 1204 2267 1248 variabilis,
2298 1215 2367 1241 cu·

1319 1253 1392 1303 jus
1408 1255 1650 1302 logarithmus
1666 1256 1781 1293 etiam
1797 1257 1983 1293 variabilis
2001 1263 2065 1299 est,
2086 1270 2129 1294 ex
2145 1255 2226 1304 ejus
2244 1270 2367 1306 quan-

1335 1308 1453 1344 titatis
1464 1308 1647 1345 variabilis
1647 1309 1836 1359 fluxione,
1840 1310 2056 1359 fluxionem
2067 1309 2146 1358 qy‘us
2156 1309 2370 1357 logarithmi

1333 1361 1594 1398 determinare.
1648 1360 1896 1409 Concipiatur
1913 1359 2177 1411 logarithmica
2190 1359 2240 1397 ad
2250 1372 2368 1411 quam

1331 1410 1498 1459 pertinet
1516 1412 1658 1460 species
1676 1412 1895 1464 logarithmi
1913 1426 2000 1463 quae
2020 1413 2250 1460 assumitur-3
2284 1412 2332 1451 sit
2346 1426 2368 1450 a

1334 1465 1418 1514 ejus
1448 1466 1692 1515 subtangens‚
1733 1466 1855 1516 sitque
1886 1479 1911 1516 y
1939 1466 2129 1504 variabilis
2163 1465 2365 1514 proposita,

1334 1530 1422 1567 quae
1440 1517 1700 1556 consideretur
1717 1526 1762 1556 ut
1776 1519 1859 1569 ejus
1876 1518 2154 1569 logaritbmicae
2180 1518 2365 1562 ordinata,

1335 1571 1461 1619 sitque
1478 1582 1503 1607 x
1523 1570 1695 1621 ejusdem
1712 1572 1989 1622 logarithmicae
2014 1572 2175 1610 abscissa
2200 1571 2236 1608 ei
2265 1571 2368 1609 ordi-

1334 1630 1435 1661 natae
1453 1637 1478 1675 y
1494 1624 1740 1674 respondens,
1760 1625 1832 1662 erit
1849 1636 1917 1673 per
1934 1632 2113 1662 naturam
2130 1623 2368 1674 logarithmi-

2126 1677 2368 1756 ady,sedx

1334 1799 1391 1830 est
1407 1792 1661 1844 logarithmus
1679 1794 1863 1833 ordinatae
1880 1808 1926 1884 y&
1938 1806 2031 1845 ergo
2049 1794 2075 1832 d
2089 1807 2111 1831 x
2126 1803 2183 1833 est
2200 1794 2283 1846 ejus
2294 1793 2369 1831 dif-

1860 1860 1883 1885 a
1939 1860 1965 1896 Y

1334 1720 1391 1746 cae
1414 1707 2108 1760 (n36.)ydx=adyetdx=

1333 1877 1508 1922 ferentiag
1526 1891 1619 1930 ergo
1636 1878 1663 1917 d
1682 1880 1730 1917 L.
1754 1892 1845 1929 y=
1982 1880 2055 1918 hoc
2066 1887 2134 1925 est,
2154 1879 2369 1918 differentia

1333 1962 1552 2013 logarithmi
1578 1971 1635 2001 est
1653 1963 1866 2003 differentia
1884 1963 2071 2003 variabilis
2087 1964 2290 2014 proposita>
2307 1962 2368 2001 di-

1333 2015 1413 2053 visa
1423 2029 1490 2064 per
1500 2016 1621 2065 ipsam
1640 2017 1871 2064 variabilem,
1893 2025 1931 2056 et
1944 2018 2059 2056 ducta
2075 2018 2118 2055 in
2132 2023 2371 2056 constantem

1332 2081 1421 2118 quae
1440 2069 1488 2106 sit
1506 2071 1741 2121 subtangens
1758 2071 2034 2121 logarithmicae
2052 2070 2102 2109 ad
2118 2083 2236 2123 quam
2253 2070 2369 2120 perti-

1334 2129 1401 2159 net
1419 2122 1563 2171 species
1581 2122 1802 2174 logarithmi
1819 2124 2016 2172 assumpti.

1389 2206 1445 2244 Et
1464 2220 1485 2244 e
1503 2219 1695 2253 converso,
1727 2207 1759 2245 si
1786 2209 1969 2247 habeatur
1995 2210 2077 2247 haec
2101 2208 2221 2247 fluxio
2243 2189 2267 2214 a
2284 2175 2311 2292 ξ
2328 2189 2365 2253 y,

1335 2291 1419 2340 ejus
1433 2290 1556 2329 fluens
1574 2299 1630 2330 est
1648 2292 1902 2343 logarithmus
1915 2293 2035 2342 ipsius
2049 2294 2269 2343 quantitatis
2283 2308 2307 2344 y
2322 2307 2370 2332 ex

1335 2343 1379 2382 ea
1389 2344 1653 2396 logarithmica
1661 2345 1886 2396 desumptus
1904 2347 2019 2399 cujus
2035 2349 2267 2399 subtangens
2275 2355 2330 2386 est
2337 2361 2371 2387 a.

1660 2914 1732 3273 l

1387 3310 1450 3343 41.
1475 3308 1606 3345 Tlteor.
1629 3309 1671 3345 V.
1689 3310 1856 3357 Spatium
1870 3309 2267 3358 logaritkmicumAB
2278 3310 2373 3348 PM

1335 3361 1480 3398 duabus
1498 3362 1677 3398 ordinatis
1695 3362 1735 3398 A
1754 3364 1803 3405 B,
1828 3364 1866 3399 P
1882 3363 1934 3399 M
1946 3375 2041 3400 arcu
2059 3364 2097 3400 B
2111 3364 2148 3400 P
2163 3369 2200 3400 et
2211 3360 2369 3400 abscissa

1337 3413 1376 3448 A
1395 3414 1447 3450 M
1468 3416 1788 3462 comprehensum,
1817 3416 1961 3464 aequale
1977 3422 2030 3452 est
2048 3417 2263 3464 rectangulo
2282 3416 2367 3453 sub-

1337 3467 1521 3512 tangentis
1539 3473 1574 3504 et
1591 3468 1809 3519 dg'fferemiae
1829 3468 2103 3505 ordinatarum.

1394 3517 1524 3555 Ducat
1556 3519 1658 3556 enim
1693 3530 1758 3567 per
1788 3527 1976 3567 punctum
2000 3520 2035 3556 P
2051 3526 2232 3571 tangente
2260 3519 2293 3556 P
2316 3519 2370 3565 T,

1338 3570 1572 3619 compleatur
1599 3571 1865 3622 rectangulum
1887 3572 1923 3609 T
1945 3571 1978 3609 F
1998 3573 2034 3611 P
2053 3572 2113 3616 M,
2141 3580 2275 3621 agatur
2302 3584 2370 3620 per

1340 3622 1377 3659 B
1397 3631 1495 3660 recta
1519 3623 1554 3660 E
1580 3625 1627 3668 Q,
1656 3624 1837 3673 parallela
1859 3625 1897 3661 T
1915 3624 1975 3669 M,
2007 3637 2137 3662 secans
2159 3625 2195 3662 T
2217 3624 2250 3663 F
2268 3624 2307 3661 in
2330 3624 2367 3661 E

1338 3682 1377 3711 et
1397 3675 1444 3712 M
1469 3675 1502 3713 P
1520 3676 1559 3712 in
1583 3677 1647 3723 Ως
1678 3689 1745 3725 per
1762 3689 1802 3714 m
1827 3676 1999 3715 ordinata
2025 3690 2064 3714 m
2083 3690 2109 3725 p
2136 3676 2242 3714 alteri
2264 3677 2309 3714 M
2334 3677 2369 3714 P

1340 3727 1489 3766 infinite
1519 3730 1744 3780 propinqua,
1777 3740 1814 3767 et
1841 3742 1909 3779 per
1933 3742 1960 3777 p
1992 3737 2094 3767 recta
2112 3730 2163 3766 fr
2190 3729 2370 3780 parallela

1344 3780 1382 3819 T
1400 3780 1461 3828 M,
1481 3793 1685 3820 occurrens
1704 3782 1741 3822 T
1757 3782 1791 3821 F
1807 3782 1848 3820 in
1866 3782 1889 3820 f
1900 3789 1938 3820 et
1958 3782 2005 3821 M
2022 3782 2056 3821 P
2073 3782 2114 3819 in
2133 3794 2174 3830 r3
2208 3782 2285 3820 His
2298 3794 2366 3831 po-

2080 3199 2305 3285 ...Μκ
