2502 4192
175 270 358 324 LIBER
385 269 657 330 Summa]
739 264 1136 318 PRINCIPIA
1185 262 1794 316 MATHEMATICA.
2191 270 2283 316 121

168 410 437 485 posit0„(¹)
463 419 522 462 ut
545 408 700 462 medii
724 406 975 477 propositi
1000 405 1221 458 densitas
1244 405 1518 457 mediocris
1533 405 1665 457 inter
1680 404 1775 457 hos
1793 402 2009 456 circulos
2034 404 2100 455 ad
2115 404 2287 468 medii,

168 503 235 554 de
257 519 360 572 quo
385 498 599 570 egimuS‚
640 496 943 548 densitatem
979 495 1292 547 mediocrem
1327 494 1460 546 inter
1484 494 1692 546 eosdem
1718 490 1871 563 quam
1894 490 2129 560 proxime
2147 512 2162 543 z
2200 493 2290 544 sed

170 600 222 642 et
247 590 300 641 in
325 587 504 640 eadem
529 603 733 656 quoque
757 585 954 636 ratione
980 601 1090 635 esse
1127 592 1384 635 secantem
1421 582 1596 653 anguli
1633 600 1736 652 quo
1773 580 1972 649 spiralis
2014 580 2287 649 praefinita,

165 679 222 730 in
246 676 416 729 medio
441 674 507 726 de
532 692 634 744 quo
671 673 885 743 egimuS‚
926 680 1062 723 secat
1086 671 1289 722 radium
1314 671 1366 723 A
1395 672 1448 733 S,
1487 670 1554 722 ad
1579 679 1830 722 secantem
1858 668 2034 739 anguli
2059 687 2162 739 quo
2187 669 2290 737 spi-

166 766 286 819 ralis
309 782 444 816 nova
480 771 617 814 secat
653 761 853 812 radium
886 759 1107 811 eundem
1130 760 1183 810 in
1209 759 1380 811 medio
1417 760 1708 828 proposito:
1751 759 1827 828 (¹¹¹)
1854 770 2006 829 atque
2042 759 2195 810 etiam
2233 768 2290 811 ut

167 842 285 908 sunt
327 852 625 906 eorumdem
673 850 979 921 angulorum
1027 859 1296 921 tangentes
1344 850 1417 900 ita
1465 869 1576 902 esse
1623 869 1864 902 numeros
1913 850 2289 902 revolutionum

165 943 396 996 omnium
419 942 552 993 inter
576 940 792 991 circulos
819 938 1026 991 eosdem
1051 938 1182 990 duos
1208 957 1359 1008 quam
1388 937 1639 1007 proxime.
1716 940 1781 1007 (¹¹)
1803 940 1859 992 Si
1883 940 1996 990 haec
2020 940 2147 991 fiant
2170 958 2288 1008 pas-

166 1032 261 1084 sim
285 1031 418 1082 inter
441 1029 657 1081 circulos
681 1028 848 1087 binos,
877 1026 1260 1079 continuabitur
1285 1036 1454 1078 motus
1478 1046 1573 1095 per
1598 1027 1817 1079 circulos
1844 1046 2039 1080 omnes.
2113 1030 2288 1098 Atque

162 1121 263 1172 hoc
286 1129 439 1189 pacto
463 1118 604 1184 haud
629 1117 898 1169 difficulter
922 1117 1190 1186 imaginari
1215 1135 1485 1185 possumus
1512 1118 1697 1187 quibus
1713 1118 1880 1169 modis
1897 1136 1955 1169 ac
1971 1121 2289 1187 temporibus

164 1226 381 1277 corpora
405 1208 460 1259 in
483 1207 655 1258 medio
682 1224 987 1277 quocunque
1012 1205 1235 1276 regulari
1260 1205 1432 1275 gyrari
1458 1205 1736 1258 debebunt.

239 1298 402 1349 Corol.
417 1304 465 1348 9.
494 1295 565 1348 Et
580 1294 808 1365 quamvis
823 1303 991 1345 motus
1011 1293 1287 1345 excentrici
1306 1294 1360 1344 in
1380 1293 1651 1362 spiralibus
1676 1296 1735 1363 (⁰)
1749 1294 1814 1346 ad
1833 1294 2049 1347 formam
2066 1296 2288 1348 ovalium

162 1388 522 1441 accedentibus
546 1395 859 1458 peragantur
873 1405 888 1448 3
928 1395 1102 1437 tamen
1141 1384 1479 1453 concipiendo
1521 1385 1785 1453 spiralium
1821 1386 2023 1438 illarum
2061 1387 2288 1456 singulas

160 1476 503 1530 revolutiones
528 1474 710 1526 iisdem
729 1474 794 1525 ab
818 1472 1038 1524 invicem
1061 1473 1338 1525 intervallis
1375 1474 1581 1537 distare,
1623 1474 1902 1545 iisdemque
1938 1476 2182 1546 gradibus
2220 1476 2288 1527 ad

162 1576 392 1619 centrum
435 1563 678 1615 accedere
716 1580 834 1614 cum
871 1561 1046 1630 spirali
1082 1562 1316 1631 superius
1352 1562 1625 1631 descripta,
1673 1564 1737 1631 (P)
1765 1563 2107 1634 intelligemus
2133 1565 2287 1616 etiam

160 1654 418 1727 quomodo
443 1662 611 1704 motus
636 1668 911 1720 corporum
935 1650 990 1701 in
1014 1650 1314 1719 hujusmodi
1341 1651 1612 1719 spiralibus
1637 1662 1966 1722 peragantur.

528 1794 994 1849 PROPOSITIO
1033 1794 1187 1847 XVI.
1263 1793 1711 1847 THEOREMA
1750 1794 1914 1846 XIII.

157 1907 215 1961 Si
229 1905 378 1957 medii
393 1903 611 1954 densitas
627 1902 681 1952 in
699 1899 817 1952 locis
831 1899 1037 1967 singulis
1051 1900 1117 1950 sit
1134 1896 1382 1965 reciproce*
1398 1907 1454 1950 ut
1469 1899 1713 1951 distantia
1733 1902 1941 1951 locorum
1959 1917 1993 1949 a
2011 1907 2178 1951 centro
2193 1900 2284 1950 im·-

226 1996 410 2057 mobili,
437 2002 595 2061 sitque
619 1992 691 2044 vis
715 1992 989 2057 centrz'peta
1012 1986 1261 2056 reciproce
1277 1998 1333 2040 ut
1357 1991 1582 2057 dignitas
1607 1990 1834 2057 quaelibet
1859 1989 2065 2057 ejusdem
2091 1992 2283 2041 distan-

226 2083 314 2134 tice
334 2105 350 2133 .-
389 2083 498 2132 dico
523 2081 652 2147 quod
675 2095 849 2146 corpus
866 2078 1051 2146 gyrari
1064 2085 1231 2144 potest
1254 2076 1309 2128 in
1333 2077 1513 2145 spirali
1550 2095 1659 2147 quae
1692 2077 1863 2130 radios
1878 2096 2038 2130 omnes
2061 2096 2094 2128 a
2118 2085 2284 2129 centro

228 2176 317 2225 illo
343 2175 508 2224 ductos
533 2174 792 2223 intersecat
816 2170 872 2220 in
896 2169 1079 2236 angulo
1107 2168 1244 2219 dato.

206 2278 606 2330 Demonstratur
621 2272 802 2326 eadem
810 2290 915 2323 me-

157 2365 319 2418 thodo
332 2383 450 2417 cum
463 2362 821 2433 Propositione
830 2379 914 2413 su·
1792 2354 1830 2395 Ο

155 2455 374 2524 periore.
449 2453 587 2505 Nam
617 2451 661 2504 si
685 2451 759 2503 vis
796 2468 914 2501 cen-

157 2544 342 2612 tripeta
375 2543 431 2593 in
470 2543 515 2595 P
552 2541 617 2593 sit
652 2538 914 2617 reciproce
1864 2558 1893 2599 3

143 2643 216 2686 ‘ut
239 2632 493 2684 distantiae
523 2631 560 2683 S
587 2630 648 2693 P,
690 2629 913 2700 dignitas
1664 2589 1813 2665 ‘s

158 2722 397 2793 quaelibet
415 2722 452 2774 S
474 2721 518 2773 P
541 2727 565 2749 ¹¹
584 2719 623 2756 ’¹‘
637 2719 654 2750 ¹
677 2720 820 2788 cujus
835 2718 915 2769 in-
993 2704 1043 2754 -P

158 2810 261 2862 dex
286 2819 361 2861 est
384 2828 420 2861 n
447 2817 498 2871 -1-
530 2817 552 2861 l
577 2829 590 2861 z
620 2809 683 2879 (q)
705 2807 915 2877 collige-
1056 2737 1176 2945 X!

159 2907 243 2950 tur
268 2908 325 2950 ut
340 2917 509 2966 supra,
538 2896 677 2968 quod
692 2906 911 2964 tempuS,
1050 2912 1110 2962 ‘v
1231 2906 1282 2950 α

160 3005 265 3058 quo
316 3005 502 3055 corpus
551 2985 793 3038 describit
831 3003 916 3036 ar·-
1137 2951 1194 2997 Τ

158 3094 277 3127 cum
302 3075 529 3146 quemvis
558 3076 602 3127 P
628 3075 681 3136 Q
696 3093 710 3136 3
736 3073 833 3129 erit
856 3082 915 3125 ut

159 3165 285 3226 PQ
319 3176 360 3217 Χ
401 3164 446 3216 Ρ
476 3166 512 3216 S
543 3152 646 3225 ’μς
687 3163 913 3215 etresis-

1250 3031 1358 3107 ΚΓ

213 3285 262 3340 (1)
285 3289 307 3312 *¹
336 3289 388 3325 Ut
404 3287 518 3324 medii
537 3285 717 3335 proposui
739 3285 902 3323 densitas
930 3283 1016 3334 (per
1038 3281 1126 3321 Cor.
1148 3287 1185 3321 6.
1296 3281 1352 3333 (⁰)
1375 3285 1396 3305 ⁴*
1419 3283 1483 3320 Ad
1499 3282 1680 3332 formam
1712 3283 1874 3320 ovalz‘um
1905 3283 2171 3327 accedentibus,
2200 3281 2270 3319 ἃς.

157 3339 293 3391 hujus)
325 3338 577 3387 supponendo
606 3337 762 3386 spirales
793 3335 1084 3386 logarithmicas.
1123 3347 1191 3383 per
1247 3334 1347 3372 Sunt
1365 3334 1468 3372 enim
1484 3334 1639 3383 spitales
1657 3346 1819 3384 quarum
1839 3334 2094 3372 revolutiones
2113 3334 2275 3384 singulae

157 3400 303 3443 puncta
320 3392 369 3434 A,
394 3392 439 3436 B,
463 3391 506 3435 C,
523 3391 578 3435 D,
596 3389 638 3426 in
651 3397 813 3439 utroque
827 3388 954 3426 medio
972 3387 1187 3436 descriptas.
1244 3386 1324 3424 fere
1350 3388 1600 3425 concentricae
1626 3395 1717 3424 suut
1735 3395 1773 3424 et
1791 3387 1838 3423 ad
1857 3387 2019 3424 formam
2044 3387 2276 3425 circulorum

212 3445 280 3497 (¹¹¹)
291 3448 312 3469 ’¹‘
326 3443 450 3492 Atque}
459 3445 569 3481 etiam
577 3444 809 3487 utsunt,&c.
836 3441 912 3478 Per
924 3442 1010 3478 Cor.
1018 3446 1052 3478 6.
1061 3441 1188 3491 hujuS.
1245 3439 1457 3485 accedunt3
1479 3439 1639 3476 aliarum
1659 3439 1914 3476 revolutiones
1932 3439 2117 3477 accedunt
2132 3439 2181 3477 ad
2197 3439 2275 3475 for-

212 3498 270 3550 (“)
293 3500 314 3522 ⁷*
336 3499 376 3535 Si
400 3499 478 3534 lzaec
492 3498 599 3550 fiant
620 3497 760 3544 passim
779 3496 877 3532 inter
895 3496 1053 3532 circulos
1070 3495 1185 3539 binos,
1239 3505 1347 3530 mam
1377 3491 1546 3529 ovalium
1577 3499 1708 3529 centro
1735 3492 1883 3540 spiralis
1908 3505 1979 3541 pro
2015 3493 2189 3542 ellipseos
2214 3490 2276 3528 vel

156 3549 371 3588 invenietur
388 3549 429 3586 in
447 3547 575 3585 medio
593 3545 760 3597 regulari
773 3545 836 3584 lex
853 3544 932 3596 qua
951 3552 1080 3584 motus
1097 3557 1188 3582 con·
1241 3544 1359 3583 ovalis
1377 3544 1464 3581 foco
1481 3552 1647 3593 accepto.

157 3602 370 3641 tinuabitur
386 3614 454 3651 per
467 3600 628 3639 circulos
642 3611 785 3645 omnes,
806 3598 1007 3646 seu,·inter
1024 3598 1186 3636 circulos
1292 3597 1348 3648 (Ρ)
1371 3599 1391 3621 *
1413 3599 1669 3647 Intelligemus
1694 3599 1807 3637 etiam
1836 3600 1898 3649 (ut
1916 3596 1958 3634 in
1980 3597 2067 3636 Cor.
2092 3595 2152 3646 8.)
2181 3609 2275 3646 quo-

156 3667 302 3701 omneS‚
333 3652 659 3705 quemadmodum
685 3650 849 3689 inventis
873 3650 1060 3700 prioribus
1078 3650 1186 3688 seriei
1239 3650 1359 3694 madh,
1380 3650 1438 3687 &c

155 3707 342 3758 regularis
367 3706 549 3751 terminis,
579 3704 822 3756 cognoscitur
838 3704 901 3743 lex
918 3701 997 3756 qua
1014 3703 1081 3742 ina
1097 3715 1186 3754 pro-
1292 3698 1349 3754 (‘¹)
1373 3705 1393 3726 *
1417 3704 1617 3752 colligetur
1641 3709 1688 3742 ut
1713 3702 1845 3754 supra,
1879 3703 1949 3740 διο.
2010 3702 2277 3750 Quaecumque

156 3760 341 3811 greditur,
359 3758 472 3812 atque
489 3761 688 3810 hoc-pacto,
705 3757 774 3796 διε.
1239 3755 1344 3794 euim
1369 3754 1418 3793 sit
1444 3755 1501 3793 vis
1526 3755 1750 3806 centripeta‚
1780 3756 1848 3796 illa
1865 3762 1922 3794 est
1939 3753 1988 3793 ad
2005 3754 2083 3793 vim
2101 3753 2276 3792 resisten-
