2502 4192
66 3500 68 3503 ·
147 3493 224 3531 que
245 3480 427 3518 velocitas
448 3483 513 3531 (ex
538 3481 672 3530 Hyp.)
706 3483 900 3531 quantitas
929 3480 1059 3519 motus
1090 3480 1196 3531 globi

156 271 342 323 Lumn
362 269 634 334 Securum]
689 268 1091 323 PRINCIPIA
1132 266 1755 320 MATHEMATICA.
2191 276 2296 325 235

154 413 402 476 haereant,
429 412 646 481 perinde
672 423 730 465 ut
755 412 809 464 in
835 412 1032 464 scholio
1054 412 1431 481 Propositionis
1457 411 1800 480 praecedentIS
1821 411 2057 480 exposui.
2116 412 2309 484 Agitur

153 503 288 555 enim
315 503 369 553 in
396 503 729 571 sequentibus
758 503 822 554 de
848 502 1136 554 resistentia
1157 502 1390 553 omnium
1410 501 1620 552 minima
1643 519 1798 571 quam
1819 519 2043 569 corpora
2061 502 2303 566 rotunda,

152 592 283 643 datis
309 591 549 643 maximis
577 592 889 643 sectionibus
916 592 1218 643 transversis
1245 591 1519 660 descripta,
1548 591 1740 641 habere
1766 600 2000 658 possunt.

227 684 462 752 Corpora
486 683 659 734 fluidis
686 683 999 745 innatantia,
1030 683 1119 734 ubi
1156 692 1428 733 moventur
1454 682 1508 731 in
1533 681 1803 742 directum,
1847 680 2076 732 efficiunt
2101 690 2160 732 ut
2184 680 2302 732 flui-

151 771 278 823 dum
318 771 387 823 ad
429 782 632 839 partem
672 771 894 823 anticam
937 771 1196 833 ascendat,
1243 771 1309 822 ad
1346 771 1596 839 posticam
1643 769 1889 832 subsidat,
1934 771 2224 838 praesertim
2262 771 2305 821 si

148 862 318 933 figura
344 861 446 912 sint
474 862 686 923 obtusa3
730 872 782 913 et
815 861 938 912 inde
976 862 1320 912 resistentiam
1357 860 1515 928 paulo
1539 861 1788 929 majorem
1815 860 2041 911 sentiunt
2067 858 2222 930 quam
2260 860 2304 912 si

149 950 315 1017 capite
344 960 395 1001 et
422 948 584 1001 cauda
612 950 714 1001 sint
739 950 918 1001 acutis.
997 950 1068 1000 Et
1104 968 1324 1018 corpora
1367 951 1421 1000 in
1457 950 1630 1023 fluidis
1669 950 1888 1002 elasticis
1914 962 2073 1014 mota,
2114 952 2156 1002 si
2183 961 2303 1004 ante

150 1053 202 1095 et
226 1053 347 1111 post
372 1043 557 1094 obtusa
582 1043 698 1104 sint,
727 1042 946 1093 fluidum
971 1042 1129 1110 paulo
1154 1043 1318 1113 magis
1345 1043 1664 1094 condensant
1689 1043 1756 1094 ad
1783 1044 2004 1095 anticam
2023 1054 2226 1112 partem
2251 1053 2303 1097 et

148 1134 307 1203 paulo
332 1134 498 1204 magis
534 1132 769 1185 relaxant
806 1133 872 1184 ad
907 1133 1188 1201 posticam3
1234 1144 1285 1184 et
1322 1133 1442 1185 inde
1479 1133 1821 1184 resistentiam
1856 1134 2014 1200 paulo
2051 1136 2301 1202 majorem

148 1229 373 1280 sentiunt
399 1246 554 1297 quam
580 1227 622 1278 si
648 1226 815 1294 capite
842 1237 894 1277 et
918 1225 1080 1277 cauda
1112 1227 1213 1278 sint
1237 1227 1416 1278 acutis.
1497 1225 1602 1278 Sed
1627 1245 1722 1276 nos
1748 1226 1802 1277 in
1827 1225 1907 1278 his
1936 1226 2221 1278 Lemmatis
2249 1236 2301 1279 et

150 1316 601 1385 Propositionibus
628 1334 735 1367 non
749 1317 960 1387 (agimus
987 1315 1052 1367 de
1076 1316 1248 1367 fluidis
1274 1317 1511 1379 elasticis,
1553 1316 1645 1367 sed
1671 1317 1739 1368 de
1765 1335 1875 1368 non
1902 1318 2151 1379 elasticis3
2190 1337 2299 1369 non

150 1406 217 1457 de
242 1405 584 1457 insidentibus
604 1404 781 1467 fluido,
811 1400 900 1456 sed
929 1405 994 1457 de
1020 1404 1121 1456 alte
1146 1405 1416 1457 immersis.
1494 1406 1564 1457 Et
1589 1407 1678 1457 ubi
1703 1407 1994 1460 resistentia
2019 1427 2300 1478 corporum

146 1497 202 1547 in
225 1496 397 1548 fluidis
423 1514 530 1547 non
551 1495 770 1547 elasticis
791 1494 1081 1557 innotescit,
1110 1495 1349 1566 augenda
1368 1496 1464 1547 erit
1482 1496 1596 1546 haec
1616 1496 1905 1548 resistentia
1923 1497 2299 1567 aliquantulum

148 1598 256 1639 tam
282 1587 339 1636 in
369 1585 543 1637 fluidis
578 1585 827 1647 elasticis3
866 1584 1029 1654 qualis
1067 1595 1143 1636 est
1179 1587 1283 1648 a'e'r,
1331 1584 1486 1654 quam
1521 1586 1574 1636 in
1608 1586 1977 1655 superficiebus
2020 1587 2299 1639 fluidorum

147 1674 510 1746 stagnantium,
542 1673 713 1744 qualia
739 1683 859 1726 sunt
882 1673 1045 1725 maria
1069 1684 1121 1726 et
1143 1673 1375 1743 paludes.

420 1887 891 1942 PROPOSITIO
931 1887 1269 1943 XXXVIII.
1348 1890 1801 1944 THEOREMA
1840 1891 2033 1944 XXX.

151 2035 318 2099 Globi,
356 2039 411 2087 in
423 2037 599 2107 fluido
624 2054 893 2103 compresso
920 2037 1121 2103 infinito
1146 2045 1194 2087 et
1218 2053 1318 2086 non
1344 2037 1544 2087 elastico
1569 2036 1888 2104 uniformiter
1903 2037 2296 2103 progredientiS,

216 2127 499 2177 resistentia
526 2133 596 2176 est
620 2128 691 2176 ad
715 2127 812 2176 vim
838 2124 936 2193 qud
961 2134 1090 2177 totus
1116 2125 1218 2193 ejus
1241 2134 1410 2188 motus,
1441 2143 1535 2193 quo
1559 2133 1774 2191 tempore
1800 2134 1907 2176 octo
1924 2127 2104 2177 tertias
2120 2137 2300 2192 partes

218 2216 454 2266 diametri
477 2232 578 2266 suoe
603 2216 849 2278 describit,
890 2218 966 2267 vel
990 2218 1104 2267 tolli
1128 2218 1292 2283 possit
1317 2219 1394 2269 vel
1411 2217 1669 2285 generari,
1707 2222 1763 2266 ut
1789 2218 2009 2268 densitas
2024 2218 2196 2286 fluidi
2231 2221 2302 2269 ad

221 2308 515 2359 densitatem
534 2309 675 2377 globi
698 2305 1084 2377 quamproxime.

220 2450 277 2521 (⁸)
305 2451 443 2503 Nam
480 2452 667 2523 globus
702 2462 782 2505 est
819 2453 886 2505 ad
920 2453 1214 2524 cylindrum
1252 2452 1697 2522 circumscriptum
1735 2463 1793 2505 ut
1829 2453 1935 2504 duo
1972 2453 2038 2505 ad
2077 2454 2203 2515 tria3
2249 2464 2301 2506 et

144 2551 424 2609 propterea
448 2543 523 2594 vis
549 2543 652 2606 illa,
682 2561 801 2613 quae
827 2544 1009 2596 tollere
1033 2545 1196 2613 possit
1219 2553 1419 2596 motum
1445 2562 1653 2595 omnem
1685 2544 1902 2614 cylindri
1940 2545 2138 2596 interea
2174 2545 2300 2597 dum

145 2630 411 2700 cylindrus
455 2630 713 2683 describat
750 2632 1133 2703 longitudinem
1184 2642 1405 2702 quatuor
1455 2631 1843 2695 diametrorum,
1898 2633 2044 2704 globi
2092 2645 2295 2686 motum

147 2739 358 2774 omnem
381 2722 527 2774 tollet
553 2723 752 2775 interea
777 2724 903 2775 dum
929 2724 1117 2794 globus
1156 2723 1416 2775 describat
1440 2723 1569 2774 duas
1595 2724 1771 2775 tertias
1790 2734 1964 2791 partes
2001 2724 2156 2795 hujus
2183 2726 2297 2777 lon-

143 2810 417 2881 gitudinis,
436 2811 491 2862 id
516 2823 608 2875 est,
639 2822 755 2863 octo
780 2813 957 2863 tertias
982 2822 1154 2881 partes
1182 2812 1420 2863 diametri
1445 2811 1687 2880 propriae.
1766 2812 2081 2864 Resistentia
2121 2824 2291 2866 autem

147 2902 370 2971 cylindri
396 2912 474 2954 est
507 2902 574 2953 ad
611 2903 747 2954 hanc
787 2904 892 2954 vim
932 2903 1328 2972 quamproxime
1353 2913 1410 2955 ut
1436 2904 1662 2955 densitas
1702 2904 1848 2955 fluidi
1885 2905 1953 2956 ad
1993 2906 2298 2958 densitatem

146 2991 365 3061 cylindri
390 2992 472 3043 vel
496 2992 639 3062 globi
664 3011 758 3061 per
786 2992 944 3062 Prop.
972 2994 1282 3046 XXXVII.
1311 3006 1363 3047 et
1389 2996 1679 3047 resistentia
1703 2997 1848 3067 globi
1874 2998 2086 3067 aequalis
2113 3009 2191 3051 est
2215 3018 2297 3052 re-

145 3084 388 3137 sistentiae
415 3084 634 3154 cylindri
658 3104 753 3153 per
781 3086 927 3137 Lem.
956 3087 1022 3137 V.
1045 3087 1142 3138 VI.
1174 3086 1303 3141 VII.
1385 3087 1453 3148 Q.
1483 3106 1527 3139 e.
1557 3088 1605 3139 d.

220 3175 276 3243 (i)
308 3176 472 3227 Corol.
504 3181 548 3225 1.
599 3174 909 3240 Globorum,
950 3176 1004 3226 in
1035 3176 1213 3227 mediis
1240 3177 1549 3245 compressis
1576 3177 1807 3241 infinitis,
1848 3180 2150 3232 resistentiae
2177 3192 2297 3234 sunt

1252 3320 1359 3372 globi
1385 3328 1516 3358 motus
1542 3319 1784 3358 intereadum
1805 3328 1893 3359 octo
1919 3321 2049 3359 tertias
2066 3329 2193 3370 partes
2213 3321 2296 3359 dia-

1252 3374 1364 3411 metri
1393 3373 1556 3422 propriae
1584 3372 1762 3411 describit
1789 3374 1870 3411 tolli
1892 3375 2009 3423 possit
2028 3375 2087 3412 vel
2107 3375 2294 3426 generari,

1253 3435 1310 3464 est
1329 3426 1377 3463 ad
1397 3427 1474 3463 vim
1493 3426 1724 3464 uniformem
1744 3427 1821 3477 quiz
1841 3435 1945 3466 totus
1962 3428 2124 3478 cylindri
2152 3436 2292 3472 motus,

1250 3492 1328 3530 quo
1347 3487 1519 3528 tempore
1537 3479 1823 3530 longitudinem
1837 3490 2004 3531 quatuor
2018 3482 2295 3519 diametrorum

202 3319 254 3374 (⁸)
276 3323 385 3361 Nam
400 3324 529 3372 globus
546 3329 598 3361 est
618 3324 669 3360 ad
688 3323 901 3373 cylindrum
931 3322 1197 3371 circumscrip-

146 3382 233 3413 tum
251 3382 298 3413 ut
317 3378 390 3413 duo
411 3378 462 3413 ad
479 3377 555 3413 tria
585 3378 695 3426 (170.
723 3376 808 3413 Lib.
831 3375 887 3424 1.)
920 3384 958 3412 et
985 3382 1195 3424 propterea,

147 3439 240 3466 cum
258 3427 393 3465 eadem
412 3427 461 3465 sit
481 3427 586 3477 globi
607 3436 644 3465 et
664 3428 828 3478 cylindri
848 3428 1016 3465 densitas
1044 3427 1197 3465 eadem-

147 3541 206 3571 est
236 3531 285 3572 ad
314 3533 568 3584 quantitatem
601 3533 731 3572 motfis
761 3534 927 3585 cylindri
961 3542 1007 3572 ut
1039 3533 1118 3571 duo
1147 3533 1197 3571 ad

147 3585 246 3631 tria,·
266 3594 306 3624 et
339 3594 492 3635 tempus
523 3599 601 3637 quo
631 3586 771 3636 globus
803 3595 890 3625 octo
917 3587 1047 3625 tertias
1073 3594 1198 3635 partes

149 3639 326 3677 diametri
359 3640 527 3689 propriae
554 3639 799 3678 uniformiter
831 3640 1024 3686 describit,
1064 3648 1120 3678 est
1147 3639 1197 3677 ad

148 3699 302 3740 tempus
318 3705 397 3744 quo
416 3692 616 3743 cylindrus
634 3691 770 3730 eadem
789 3693 977 3731 uniformi
997 3692 1198 3731 velocitate

149 3744 416 3796 quadruplum
452 3745 709 3797 longitudinis
745 3759 839 3791 suae,
883 3759 950 3784 seu
992 3745 1198 3784 duodecim

151 3797 280 3836 tertias
297 3797 571 3837 diametrorum
591 3798 696 3849 globi
712 3797 901 3845 describit,
921 3798 1037 3837 etiam
1056 3806 1101 3838 ut
1118 3799 1198 3838 duo

151 3849 202 3890 ad
220 3850 301 3889 tria.
365 3850 498 3896 Quare
527 3852 643 3903 (178)
674 3850 730 3890 vis
756 3852 963 3891 uniformis
989 3851 1068 3904 qua
1093 3860 1199 3892 totus

1250 3532 1353 3584 globi
1375 3532 1553 3571 describit
1571 3533 1629 3570 vel
1645 3533 1729 3570 tolli
1749 3533 1807 3571 vel
1827 3535 2001 3585 generari
2021 3534 2141 3582 possit
2157 3543 2200 3571 ut
2215 3534 2295 3571 duo

1251 3586 1300 3625 ad
1321 3586 1394 3623 tria
1420 3584 1563 3624 directe
1580 3593 1618 3623 et
1636 3586 1716 3625 duo
1742 3587 1792 3625 ad
1815 3588 1888 3626 tria
1912 3586 2069 3633 inverse,
2095 3586 2136 3624 id
2157 3595 2225 3630 est,
2252 3588 2295 3624 in

1250 3639 1397 3731 {itione
1416 3639 1653 3690 aequalitatis.
1714 3642 1941 3680 Resistentia
1960 3649 2088 3681 autem
2117 3643 2292 3692 cylindri,

1290 3705 1322 3730 c.

1308 3746 1362 3797 (t)
1394 3749 1416 3771 ¹*
1455 3748 1574 3786 Corol.
1612 3751 1646 3785 1.
1707 3747 1822 3786 Patet
1856 3760 1924 3796 per
1963 3747 2053 3786 Cor.
2097 3752 2132 3785 1.
2171 3745 2287 3796 Prop.

1254 3799 1342 3838 XX
1351 3799 1500 3838 XVII.
1507 3827 1519 3846 ,
1551 3799 1645 3851 quia
1676 3800 1888 3839 resistentia
1914 3799 2022 3850 globi
2053 3798 2213 3852 aequalis
2236 3807 2293 3839 est

1251 3852 1473 3892 resistentia:
1491 3853 1654 3904 cylindri
1672 3852 1958 3904 circumscripti.
