2502 4192
230 258 330 304 304
759 252 1320 308 PHILOSOPHIAE
1359 244 1813 305 NATURALIS
1904 252 2359 317 [MoT.Com>01z.

228 402 556 459 superantes3
598 393 751 445 ethis
789 394 938 444 rectis
964 394 1100 444 circa
1136 410 1288 443 axem
1324 390 1565 442 revolutis
1606 391 1819 459 concipe
1855 392 2006 444 orbes
2041 392 2095 442 in
2139 391 2357 442 annulos

227 480 525 530 innumeros
564 481 751 542 secari3
798 490 849 531 et
885 480 1104 531 annulus
1141 479 1493 548 unusquisque
1529 477 1739 529 habebit
1764 478 1979 530 annulos
2007 489 2224 548 quatuor
2263 478 2361 529 sibi

229 567 515 637 contiguos,
557 586 720 618 unum
756 567 1071 631 interiorem,
1114 568 1333 619 alterum
1357 566 1665 618 exteriorem
1689 576 1741 617 et
1765 565 1896 617 duos
1932 566 2187 619 laterales.
2262 569 2360 618 At-

227 658 351 708 tritu
377 658 633 709 interioris
660 667 712 709 et
736 658 1003 709 exterioris
1029 675 1136 709 non
1160 666 1328 726 potest
1351 656 1571 708 annulus
1595 656 1962 726 unusquisque,
2002 657 2100 708 nisi
2125 658 2177 708 in
2215 666 2361 707 motu

218 745 371 813 juxta
411 745 579 815 legem
624 764 771 797 casus
813 746 967 814 primi
1004 745 1155 810 facto,
1201 745 1467 815 aequaliter
1493 744 1621 797 etin
1645 755 1816 814 partes
1855 747 2134 797 contrarias
2169 746 2358 816 urgeri.

230 833 380 884 Patet
403 832 503 884 hoc
529 851 594 884 ex
622 834 1058 886 demonstratione
1084 853 1228 886 casus
1253 833 1422 902 primi.
1486 833 1556 885 Et
1579 842 1853 902 propterea
1877 833 2185 885 annulorum
2206 822 2359 885 series

227 920 469 988 quaelibet
493 940 524 972 a
547 921 704 991 globo
730 922 784 973 in
810 923 1068 973 infinitum
1088 920 1226 974 recta
1249 940 1487 993 pergens,
1515 921 1803 973 movebitur
1827 939 1925 989 pro
1949 920 2064 992 lege
2085 940 2229 972 casus
2253 922 2359 990 pri-

224 1008 313 1071 mi,
341 1009 439 1059 nisi
454 1009 705 1077 quatenus
721 1010 998 1078 impeditur
1017 1011 1082 1062 ab
1102 1011 1277 1062 attritu
1297 1010 1606 1061 annulorum
1626 1009 1692 1061 ad
1707 1009 1883 1061 latera.
1935 1010 2009 1062 At
2028 1010 2079 1060 in
2097 1019 2240 1061 motu
2260 1010 2360 1062 hac

225 1096 343 1166 lege
367 1096 503 1147 facto
528 1098 729 1148 attritus
756 1098 1063 1149 annulorum
1090 1098 1157 1149 ad
1181 1098 1342 1149 latera
1366 1098 1538 1149 nullus
1564 1107 1667 1160 est3
1694 1116 1861 1167 neque
1879 1097 1997 1149 ideo
2014 1108 2226 1160 motum,
2256 1118 2358 1168 quo

226 1186 397 1237 minus
423 1186 520 1238 hac
546 1187 658 1258 lege
674 1188 779 1251 fiat,
807 1189 1067 1257 impediet.
1146 1189 1201 1241 Si
1220 1189 1397 1240 annuli
1425 1190 1483 1258 (r)
1506 1189 1594 1259 qui
1613 1208 1644 1240 a
1662 1199 1840 1247 centro
1859 1190 2123 1260 aequaliter
2149 1189 2357 1247 distant,

227 1274 310 1326 vel
336 1274 483 1326 citius
514 1276 897 1327 revolverentur
921 1277 1003 1328 vel
1028 1277 1223 1328 tardius
1251 1278 1306 1346 (⁸)
1325 1278 1479 1346 juxta
1511 1277 1660 1346 polos
1687 1276 1840 1347 quam
1866 1278 2018 1346 juxta
2043 1277 2358 1346 eclipticam3

224 1363 476 1415 tardiores
493 1364 914 1429 accelerarentur,
945 1375 996 1417 et
1011 1366 1288 1419 velociores
1314 1366 1697 1418 retardarentur
1716 1366 1780 1417 ab
1798 1367 1975 1418 attritu
1994 1376 2188 1428 mutuo,
2218 1376 2268 1417 et
2287 1367 2360 1417 sic

223 1464 497 1524 vergerent
522 1474 723 1524 semper
749 1467 980 1524 tempora
1003 1456 1267 1525 periodica
1292 1456 1356 1507 ad
1379 1456 1735 1526 aequalitatem,
1762 1475 1859 1525 pro
1884 1456 1999 1527 lege
2026 1455 2171 1507 casus
2187 1455 2357 1523 primi.

228 1541 356 1592 Non
395 1542 610 1610 impedit
652 1543 808 1614 igitur
843 1544 929 1595 hic
967 1544 1166 1596 attritus
1194 1562 1301 1614 quo
1325 1544 1493 1595 minus
1528 1553 1698 1595 motus
1735 1544 1827 1595 fiat
1865 1543 2149 1595 secundum
2190 1543 2356 1613 legem

223 1648 370 1681 casus
395 1631 563 1698 primi,
593 1640 643 1682 et
667 1644 941 1700 propterea
956 1632 1042 1684 lex
1061 1632 1148 1683 illa
1164 1632 1446 1684 obtinebit:
1473 1631 1574 1683 hoc
1593 1642 1685 1694 est,
1715 1631 2022 1682 annulorum
2040 1631 2354 1701 singulorum

222 1730 457 1788 tempora
481 1722 742 1789 periodica
767 1732 918 1774 erunt
944 1732 1001 1774 ut
1025 1722 1275 1792 quadrata
1299 1721 1656 1774 distantiarum
1682 1722 1912 1790 ipsorum
1938 1739 1968 1771 a
1993 1731 2170 1771 centro
2195 1720 2355 1791 globi.

227 1810 386 1871 Quod
413 1812 549 1862 volui
575 1811 802 1863 secundo
829 1812 1201 1864 demonstrare.

305 1902 416 1951 Cas.
448 1909 495 1953 3.
535 1901 814 1952 Dividatur
843 1903 951 1972 jam
978 1902 1198 1954 annulus
1234 1901 1588 1971 unusquisque
1625 1900 1933 1952 sectionibus
1970 1900 2268 1952 transversis
2304 1900 2358 1950 in

152 1986 158 1991 ”
221 1988 497 2054 particulas
546 1988 839 2041 innumeras
879 1992 1248 2042 constituentes
1299 1990 1633 2041 substantiam
1683 1988 1914 2040 absolute
1952 1999 2002 2040 et
2038 1989 2358 2040 uniformiter

222 2078 435 2128 fluidam
454 2098 467 2140 3
496 2089 544 2130 et
565 2080 808 2148 quoniam
833 2080 916 2131 hae
941 2081 1188 2132 sectiones
1215 2098 1320 2131 non
1347 2089 1577 2147 spectant
1602 2078 1667 2129 ad
1690 2078 1858 2149 legem
1882 2078 2050 2129 motus
2078 2079 2354 2141 circularis,

229 2166 319 2216 sed
356 2167 422 2216 ad
462 2168 873 2220 constitutionem
909 2169 1055 2221 fluidi
1089 2168 1413 2220 solummodo
1448 2167 1756 2230 conducunt,
1801 2167 2147 2235 perseverabit
2190 2178 2357 2217 motus

233 2254 493 2305 circularis
518 2265 575 2306 ut
598 2257 757 2324 prius.
838 2258 942 2309 His
970 2258 1277 2309 sectionibus
1306 2256 1481 2307 annuli
1507 2274 1684 2306 omnes
1711 2274 1864 2324 quam
1890 2256 2085 2305 minimi
2113 2257 2356 2323 asperita-

227 2353 328 2392 tem
358 2352 407 2393 et
430 2343 533 2392 vim
559 2345 761 2395 attritus
790 2345 956 2396 mutui
981 2355 1070 2396 aut
1095 2364 1201 2395 non
1226 2344 1515 2405 mutabunt,
1558 2344 1614 2411 (t)
1642 2353 1730 2393 aut
1767 2343 2037 2393 mutabunt
2074 2344 2354 2411 aequaliter.

225 2430 296 2480 Et
320 2441 558 2482 manente
585 2451 853 2484 causarum
879 2434 1214 2501 proportione
1250 2432 1477 2483 manebit
1514 2430 1786 2482 effectuum
1810 2430 2094 2499 proportio,
2134 2430 2233 2480 hoc
2259 2442 2351 2493 est,

222 2520 489 2588 proportio
512 2532 747 2573 motuum
773 2532 825 2573 et
847 2523 1228 2591 periodicorum
1255 2532 1560 2589 temporum.
1639 2521 1707 2582 Q.
1735 2540 1779 2571 e.
1808 2520 1858 2571 d.
1936 2521 2195 2571 Caeterum
2234 2519 2353 2572 cum

223 2620 392 2662 motus
431 2611 708 2676 circularis,
752 2624 803 2665 et
837 2614 957 2665 inde
996 2624 1108 2665 orta
1143 2614 1218 2665 vis
1258 2611 1556 2682 centrifuga,
1606 2613 1668 2679 (¹¹)
1697 2612 1858 2679 major
1884 2610 1949 2661 sit
1973 2610 2039 2661 ad
2065 2611 2351 2679 eclipticam

281 2754 334 2806 (¹¹)
365 2758 386 2780 ³¹⁶
414 2758 528 2798 Quia
548 2765 675 2796 centro
694 2759 892 2809 aequaliter
919 2761 1070 2804 distant,
1101 2770 1168 2795 seu
1195 2758 1262 2808 qui
1370 2757 1426 2808 (¹¹)
1450 2759 1471 2781 ⁴*
1495 2755 1625 2805 Major
1643 2757 1689 2793 sit
1707 2758 1759 2793 ad
1785 2757 1991 2805 eclipticam
2020 2754 2137 2806 quam
2161 2759 2213 2794 ad
2233 2759 2349 2807 polos.

225 2817 316 2845 sunt
335 2820 380 2845 ex
400 2809 534 2846 eodem
557 2812 648 2847 orbe
676 2812 822 2855 resecti,
851 2812 984 2861 quales
1011 2819 1102 2849 sunt
1128 2811 1263 2849 annuli
1320 2809 1518 2854 Quoniam
1545 2808 1818 2858 particularum
1850 2809 1887 2846 E
1916 2817 1955 2846 et
1981 2821 2003 2846 e
2028 2810 2070 2846 in
2098 2809 2234 2847 eodem
2260 2812 2351 2849 orbe

227 2873 273 2897 ex
293 2861 503 2910 figurarum
525 2862 538 2898 1
555 2863 584 2899 k
602 2865 626 2901 b
645 2876 680 2909 a,
709 2877 732 2901 a
751 2866 776 2902 b
794 2878 815 2902 c
835 2864 872 2910 d,
903 2864 927 2901 d
947 2877 968 2902 c
985 2878 1013 2915 g
1031 2866 1069 2911 h,
1098 2871 1136 2902 et
1153 2876 1257 2901 revo-

227 2913 372 2950 lutione
391 2914 579 2963 descripti.

282 2966 333 3017 (⁵)
357 2970 377 2990 ⁴*
399 2970 518 3007 Juxta
532 2971 634 3017 polos
664 2969 704 3006 X
726 2978 763 3008 et
784 2970 829 3014 P,
860 2982 974 3020 quam
998 2970 1109 3019 juxta
1134 2983 1260 3020 aequa-

228 3026 360 3065 torem,
383 3033 499 3070 quem
518 3030 619 3059 recta
640 3022 666 3059 S
688 3023 724 3059 E
743 3024 791 3060 ad
810 3036 920 3060 axem
944 3024 978 3062 P
1000 3024 1041 3060 X
1060 3023 1260 3072 perpendi-

229 3071 366 3109 cularis
384 3081 504 3110 rotata
522 3073 708 3112 describit,

284 3125 334 3175 (¹)
372 3127 392 3148 ’¹‘
429 3128 511 3164 Aut
544 3130 746 3167 mutabunt
783 3130 987 3179 (equaliter.
1064 3129 1259 3173 Quoniam

232 3177 334 3213 enim
346 3178 406 3213 hae
421 3179 603 3216 sectiones
619 3193 694 3218 non
709 3181 780 3217 nisi
794 3182 842 3218 ad
855 3181 1079 3219 fluiditatem
1099 3182 1261 3231 singulis

230 3229 382 3267 annulis
401 3231 675 3270 conciliandam
695 3233 803 3271 factae
822 3242 922 3280 sunt,
953 3244 989 3272 et
1008 3234 1169 3271 fluidum
1189 3237 1259 3271 ho·

231 3294 463 3331 mogeneum
482 3286 733 3333 supponitur;
756 3287 786 3323 si
801 3287 890 3324 inde
908 3295 1078 3325 mutetur
1095 3287 1258 3325 annulo-

231 3347 318 3371 rum
348 3336 526 3382 asperitas
553 3345 590 3375 et
616 3338 672 3375 vis
702 3340 851 3377 attritus
881 3340 1020 3384 mutui,
1048 3341 1258 3377 mutabitur

232 3388 427 3436 aequaliter
454 3402 520 3425 seu
540 3389 581 3425 in
601 3390 688 3428 data
705 3393 862 3430 ratione.
923 3393 978 3430 Et
1005 3392 1146 3430 idcirco
1176 3406 1257 3431 ma·

232 3448 347 3477 nente
376 3440 671 3480 resistentiarum
700 3453 738 3482 et
768 3445 1071 3494 impressionum,
1099 3459 1186 3496 quae
1212 3459 1259 3484 ex

231 3501 370 3531 mutuo
404 3493 570 3541 partium
608 3496 737 3534 attritu
773 3498 962 3544 oriuntur,
1003 3501 1258 3547 proportione,

232 3546 402 3584 manebit
424 3547 631 3585 effectuum
650 3547 737 3587 inde
756 3550 1027 3599 productorum
1057 3554 1258 3601 proportio,

232 3598 304 3635 hoc
323 3606 387 3641 est,
409 3601 600 3648 proportio
618 3611 793 3639 motuum
813 3612 850 3640 et
867 3605 1143 3652 periodicorum
1163 3613 1261 3643 tem-

234 3664 393 3697 porum3
427 3660 465 3690 ct
493 3663 688 3701 propterea
714 3656 877 3702 partium
898 3657 1135 3707 singularum
1163 3665 1260 3696 tem-

233 3715 324 3749 pora
342 3705 533 3751 periodica
550 3715 674 3753 erunt,
702 3715 747 3745 ut
765 3710 804 3744 in
823 3710 1079 3756 superioribus
1097 3711 1256 3757 casibus,
2332 3743 2335 3748 r

235 3758 528 3818 proportionalia
544 3760 734 3810 quadratis
753 3760 1017 3800 distantiarum
1044 3764 1210 3812 ipsarum
1237 3777 1260 3801 a
1313 3766 1604 3805 constitutarum
1625 3775 1797 3818 tempora
1814 3770 2002 3818 periodica
2013 3778 2223 3819 aequantur,
2244 3771 2342 3820 ipsa-

235 3819 365 3845 cemro
383 3810 498 3860 globi.
1315 3830 1405 3856 rum
1433 3819 1530 3858 vires
1556 3822 1783 3873 centrifugae
1804 3831 1901 3861 suut
1917 3824 2015 3861 inter
2032 3836 2072 3861 se
2090 3831 2133 3861 ut
2150 3823 2245 3862 radii
2272 3824 2343 3862 cir-
