2502 4192
273 319 340 363 42
787 311 1352 366 PHILOSOPHIAE
1393 311 1845 365 NATURALIS
1954 312 2134 377 [Mor.
2161 312 2405 364 Conpon.

702 539 1174 619 PROPQSITIO
1213 540 1309 592 VI.
1387 540 1838 593 THEOREMA
1878 541 1972 593 IV.

272 687 497 752 Corpora
523 686 767 752 sphoerica
791 686 1085 752 homogenea
1111 692 1158 735 et
1181 686 1414 752 oequalia‚
1444 685 1736 736 resistentiis
1762 688 1815 736 in
1836 684 2092 752 duplicata
2112 674 2309 737 ratione
2326 702 2405 737 *oe-

338 775 591 824 locitatum
617 774 873 839 impedita,
900 780 948 823 et
971 774 1088 823 solis
1112 773 1302 824 viribus
1337 775 1504 824 insitis
1540 775 1770 835 incitata,
1816 774 2110 841 temporibus
2147 793 2255 842 qnce
2293 783 2405 825 sunt

338 860 586 930 reciproce
610 871 665 913 ut
690 865 972 915 velocitates
1008 863 1094 913 sub
1134 865 1297 926 initio,
1345 865 1624 916 describunt
1657 883 1842 932 semper
1879 867 2096 934 aequalia
2132 867 2316 933 spatia,
2357 874 2404 916 et

337 957 574 1005 amittunt
588 963 765 1021 partes
790 956 1099 1006 velocitatum
1116 956 1523 1022 proportionales
1541 957 1672 1007 totis.

338 1098 661 1168 Asymptotis
682 1098 992 1169 rectangulis
1016 1098 1061 1150 C
1078 1099 1150 1160 D,
1177 1097 1221 1150 C
1242 1098 1301 1150 H

266 1187 521 1256 descripta
547 1187 833 1257 hyperbol&
861 1186 1040 1257 quavis
1071 1188 1117 1239 B
1138 1188 1173 1238 b
1196 1188 1242 1239 E
1274 1207 1302 1239 e

265 1288 469 1329 secante
522 1276 892 1345 perpendicula
957 1277 1004 1328 A
1049 1277 1110 1339 Β,
1165 1295 1195 1327 a
1244 1277 1295 1339 b,

265 1367 323 1418 D
347 1368 410 1429 Ε,
439 1367 475 1418 (1
495 1386 539 1429 e,
559 1367 613 1416 in
636 1367 699 1429 Β,
718 1367 774 1440 1),
796 1366 859 1427 Ε,
883 1384 926 1427 e,
957 1367 1015 1434 (r)
1038 1384 1303 1434 exponan-

265 1464 351 1508 tur
376 1456 672 1508 velocitates
697 1455 918 1508 initiales
960 1474 1056 1524 per
1081 1474 1303 1525 perpen-

252 1545 437 1597 dicula
482 1546 533 1598 A
561 1546 623 1609 Β,
653 1546 709 1598 D
738 1546 801 1608 Ε,
853 1555 905 1596 et
938 1554 1172 1613 tempora
1208 1564 1303 1614 per

263 1636 426 1687 lineas
467 1636 518 1686 A
542 1655 588 1698 a,
623 1636 679 1688 D
706 1635 755 1686 d.
834 1635 931 1686 Est
956 1653 1081 1705 ergo
1106 1645 1164 1686 ut
1190 1636 1240 1686 A
1266 1655 1298 1687 a

264 1726 332 1777 ad
375 1727 431 1778 D
458 1726 493 1776 d
530 1726 598 1777 ita
648 1729 763 1794 (per
787 1724 1119 1794 hypothesin)
1166 1724 1221 1776 D
1251 1724 1297 1776 E

264 1815 332 1866 ad
359 1816 410 1866 A
439 1815 503 1878 Β,
533 1825 585 1866 et
609 1814 681 1866 ita
709 1815 765 1883 (t)
787 1818 876 1883 (ex
900 1813 1084 1866 natura
1109 1814 1299 1884 hyper-

262 1905 418 1969 bolae)
445 1906 490 1956 C
511 1905 562 1956 A
588 1904 654 1956 ad
674 1904 718 1956 C
737 1905 791 1956 D
800 1923 815 1965 3
843 1914 894 1955 et
919 1905 1294 1989 componendO,

261 1997 333 2047 ita
386 1995 432 2046 C
476 2014 507 2045 a
550 1994 616 2045 ad
660 1994 705 2045 C
745 1993 796 2045 d.
873 1995 938 2062 (¹¹)
981 1994 1126 2065 Ergo
1162 2013 1296 2046 areae
2028 2057 2036 2065 ἢ

262 2088 313 2138 A
342 2087 389 2138 Β
413 2086 449 2138 b
475 2107 521 2150 a,
551 2089 606 2140 D
636 2090 682 2141 E
709 2108 737 2140 e
763 2088 814 2151 d,
849 2089 950 2139 hoc
977 2098 1070 2151 est,
1100 2089 1262 2156 spatia
1288 2089 1547 2157 descripta
1572 2100 1842 2161 aequantur
1867 2089 2001 2141 inter
2028 2109 2096 2154 se,
2137 2099 2189 2142 et
2214 2091 2402 2144 veloci-

260 2186 391 2228 tates
405 2161 589 2245 primae
616 2180 667 2230 A
698 2179 762 2242 Β,
791 2179 846 2230 D
876 2178 923 2229 E
950 2188 1071 2230 sunt
1095 2179 1285 2230 ultimis
1312 2180 1407 2242 ab,
1438 2180 1472 2231 d
1492 2200 1536 2243 e,
1565 2190 1617 2232 et
1640 2192 1915 2250 propterea
1939 2182 2217 2233 dividendo
2241 2183 2402 2251 parti-

1366 1143 1423 1185 H

1411 1956 1453 2004 G
1665 1960 1784 2007 Aa
2092 1969 2287 2025 ‚Dd

258 2267 355 2319 bus
383 2267 534 2319 etiam
563 2269 667 2319 suis
694 2267 892 2320 amissis
920 2269 971 2320 A
994 2268 1040 2320 B
1059 2300 1128 2309 -
1153 2290 1184 2321 a
1209 2270 1259 2331 b,
1289 2270 1344 2321 D
1374 2270 1420 2321 E
1446 2302 1517 2310 —
1542 2271 1578 2322 d
1604 2291 1632 2323 e
1668 2273 2097 2341 proportionales.
2176 2273 2245 2335 Q.
2273 2292 2317 2325 e.
2345 2274 2396 2325 d.

682 2504 1148 2559 PROPOSITIO
1185 2506 1314 2558 VII.
1392 2507 1845 2560 THEOREMA
1885 2509 1949 2559 V.

263 2669 488 2735 Corpora
512 2671 758 2737 splzoerica
786 2672 959 2739 quibus
982 2672 1231 2724 resistitur
1257 2673 1310 2722 in
1337 2671 1593 2738 duplicata
1618 2674 1817 2724 ratione
1842 2674 2167 2734 velocitatum‚
2214 2681 2397 2739 tempo-

326 2760 477 2822 ribus,
506 2778 614 2827 quoe
637 2769 750 2812 sunt
773 2769 828 2812 ut
852 2769 1006 2812 motus
1019 2762 1183 2827 primi
1207 2757 1391 2810 directe*
1415 2768 1463 2811 et
1486 2762 1783 2812 resistentia?
1793 2761 1979 2827 primae
2003 2757 2208 2822 inverse,
2248 2761 2396 2809 amit-

328 2857 434 2899 tent
467 2858 643 2915 partes
685 2857 895 2900 motuum
931 2835 1338 2915 proportionales
1362 2849 1494 2911 totis,
1538 2858 1585 2901 et
1609 2851 1778 2916 spatia
1804 2850 2076 2901 describent
2100 2849 2396 2916 temporibus

328 2937 438 2987 istis
462 2946 510 2988 et
533 2937 871 2988 velocitatibus
888 2938 1072 3003 primis
1096 2936 1390 3003 conjunctim
1406 2939 1834 3004 proportionalia.

331 3077 395 3143 (¹)
437 3076 677 3145 Namque
702 3084 939 3126 motuum
963 3084 1137 3143 partes
1164 3074 1362 3125 amissae
1389 3085 1509 3125 sunt
1532 3084 1591 3125 ut
1615 3074 1916 3126 resistentiae
1942 3085 1993 3125 et
2012 3083 2246 3142 tempora
2272 3091 2395 3124 con-

249 3168 486 3236 junctim.
563 3167 731 3238 Igitur
756 3176 812 3218 ut
835 3175 1007 3234 partes
1033 3165 1136 3216 illae
1163 3165 1267 3215 sint
1292 3165 1412 3215 totis
1436 3164 1865 3232 oroportionales‚
1907 3163 2116 3215 debebit
2155 3163 2394 3214 resisten-

257 3257 326 3307 tia
351 3266 402 3307 et
426 3265 628 3324 tempus
655 3255 969 3323 conjunctim
997 3272 1108 3305 esse
1143 3262 1201 3304 ut
1224 3262 1410 3304 motus,
1490 3252 1717 3304 Proinde
1756 3263 1960 3321 tempus
2004 3252 2101 3305 erit
2127 3261 2184 3303 ut
2222 3263 2393 3305 motus

312 3433 367 3485 (¹)
408 3437 429 3459 ¹²
477 3436 734 3484 Exponantur
770 3436 974 3473 velocitates
1016 3435 1190 3478 initiales,
1227 3434 1297 3471 &m
1353 3432 1395 3469 in
1414 3431 1491 3470 fine
1509 3432 1666 3472 illorum
1683 3439 1902 3480 temporum
1921 3429 2084 3468 residuae
2099 3443 2166 3478 per
2184 3430 2303 3468 lineas
2320 3433 2391 3477 ab,

262 3486 366 3525 Cum
399 3486 502 3524 enim
532 3499 691 3535 corpora
720 3487 799 3525 duo
827 3487 968 3524 similia
998 3488 1238 3537 homogenea
1264 3492 1302 3523 et
1354 3484 1381 3522 d
1400 3498 1432 3531 e,
1463 3493 1501 3523 et
1518 3485 1639 3534 spatia
1655 3484 1715 3521 his
1732 3484 1969 3533 temporibus
1993 3482 2180 3532 descripta
2204 3496 2272 3534 per
2289 3497 2395 3522 areas

258 3540 420 3590 oequalia
438 3547 716 3588 supponantur,
750 3552 884 3577 eorum
912 3547 1042 3577 motus
1068 3538 1299 3577 considerari
1351 3537 1613 3586 hyperbolicas
1634 3538 1671 3575 A
1690 3538 1726 3575 Β
1745 3539 1771 3575 b
1789 3549 1824 3583 a,
1849 3537 1889 3574 D
1911 3536 1948 3574 E
1968 3549 1989 3574 e
2007 3535 2045 3573 d.

256 3601 420 3641 possunt
449 3600 631 3642 tanquam
661 3600 790 3630 motus
809 3592 927 3630 unius
944 3592 1193 3642 ejusdemque
1212 3604 1296 3629 cor·
1407 3591 1459 3642 (ἵ)
1490 3593 1511 3614 *
1543 3593 1606 3629 Ea·
1623 3589 1767 3629 natura
1786 3591 1999 3641 hyperbolen.
2033 3588 2132 3641 (Per
2152 3587 2291 3627 Theor-
2310 3589 2388 3628 IV.

257 3646 359 3695 poris
378 3645 490 3683 variis
508 3645 711 3683 celeritatis
729 3644 911 3695 gradibus
929 3645 1002 3682 acti
1032 3647 1096 3697 (ut
1113 3645 1155 3682 in
1177 3645 1294 3692 Prop.
1354 3642 1402 3681 de
1424 3642 1623 3692 Hyperb.)

259 3698 332 3747 V.)
367 3697 534 3749 ideoque
567 3700 654 3749 (per
683 3697 812 3736 Corol.
852 3702 882 3735 Ι.
911 3698 1027 3746 Prop.
1055 3697 1128 3747 V.)
1160 3696 1300 3735 veloci·
1408 3696 1466 3748 (¹¹)
1490 3699 1510 3721 ¹*
1533 3695 1639 3746 Ergb
1657 3708 1757 3734 areae
1774 3697 1812 3734 A
1830 3696 1952 3740 Bba,
1969 3696 2010 3732 D
2031 3695 2072 3732 E
2081 3695 2147 3738 ed,
2164 3693 2273 3743 (378.
2291 3693 2380 3733 Lib.

255 3758 353 3788 tates
381 3751 549 3788 initiales
580 3750 721 3798 exponi
750 3758 912 3799 possunt
939 3763 1007 3801 per
1034 3750 1156 3788 lineas
1187 3750 1225 3787 A
1248 3750 1297 3795 B,
1355 3747 1415 3798 Ι.)

259 3804 301 3842 D
323 3804 375 3852 E,
394 3812 567 3854 tempora
593 3816 661 3854 per
688 3803 806 3842 lineas
827 3803 866 3842 A
885 3816 923 3851 a,
954 3805 994 3842 D
1014 3803 1052 3849 d,
1081 3802 1299 3842 velocitates
1409 3800 1469 3854 (²¹)
1484 3804 1505 3827 ¹*
1524 3803 1707 3854 Namque
1724 3808 1899 3842 motuum
1905 3807 2033 3851 partes
2044 3800 2202 3846 amissa’,
2220 3800 2288 3838 διε.
2309 3799 2389 3852 (2.)
