2502 4192
125 316 306 368 me
337 316 606 377 SECUND]
685 311 1086 364 PRINCIPIA
1129 308 1749 363 MATHEMATICA.
2199 317 2261 361 51

121 448 383 528 gumento,
414 454 468 504 in
499 472 715 506 ascensu
740 455 989 521 corporis,
1019 451 1287 513 sumendo,
1332 451 1398 502 ad
1423 450 1733 501 contrariam
1757 457 1958 517 partem
1983 449 2162 515 puncti
2196 450 2264 512 A,

122 546 345 616 aequales
371 563 515 596 areas
535 544 588 594 'A
622 544 668 595 B
693 563 747 594 m
771 545 804 605 i,
832 544 923 593 im
941 561 977 593 n
995 543 1047 605 k,
1075 543 1111 592 k
1128 561 1164 592 n
1182 560 1213 592 o
1232 542 1267 603 l,
1296 543 1389 593 &a
1411 540 1667 591 constabit
1693 537 1833 608 quod
1858 537 1991 588 vires
2017 536 2267 587 absolutae

125 637 176 688 A
204 636 265 698 C,
293 636 312 686 i
340 635 401 697 C,
427 635 466 685 k
494 634 556 696 C,
583 633 603 684 l
632 634 693 697 C,
722 635 815 686 διο.
844 643 965 684 sunt
990 631 1231 683 continue
1257 630 1687 700 proportionales.
1727 687 1730 690 ‚
1765 629 1996 698 Ideoque
2035 629 2078 678 si
2103 628 2268 696 spatia

125 724 299 776 omnia
323 724 377 773 in
402 740 618 774 ascensu
643 731 696 772 et
719 721 968 772 descensu
1011 721 1280 789 capiantur
1323 700 1569 788 aequalia3
1615 735 1794 768 omnes
1833 717 1971 767 vires
2015 716 2267 767 absolutae

123 814 143 864 l
171 814 232 877 C,
253 814 291 864 k
319 813 381 875 C,
408 812 427 862 i
454 811 515 875 C,
545 811 597 862 A
625 810 687 875 C,
716 810 744 861 I
773 810 834 873 C,
867 809 920 860 K
949 809 1010 872 C,
1040 808 1088 860 L
1117 809 1178 871 C,
1220 810 1314 860 διο.
1358 818 1510 859 erunt
1533 805 1792 862 vcontinue
1833 804 2265 874 proportionales.

129 902 198 963 Q.
226 920 270 953 e.
298 901 349 953 d.
1484 899 1487 901 ’

200 990 360 1043 Corol.
394 996 439 1041 1.
498 989 644 1041 Hinc
670 988 713 1038 si
733 987 955 1056 spatium
992 986 1308 1054 descriptum
1332 994 1624 1054 exponatur
1647 1003 1743 1053 per
1768 1002 1943 1035 aream
1967 984 2268 1054 hyperboli-

129 1104 242 1137 cam
285 1086 336 1136 A
363 1084 410 1136 Β
437 1083 491 1135 Ν
520 1083 602 1145 K3
641 1082 831 1151 exponi
873 1090 1091 1150 possunt
1129 1080 1204 1132 vis
1247 1079 1527 1150 gravitatis,
1573 1077 1815 1147 velocitas
1852 1065 2083 1146 corporis
2109 1087 2160 1128 et
2185 1094 2267 1127 re-

132 1180 360 1252 sistentia
394 1178 551 1230 medii
587 1196 682 1246 per
724 1177 885 1229 lineas
930 1176 980 1227 A
1009 1175 1070 1237 C,
1119 1175 1170 1226 A
1212 1173 1257 1225 P
1301 1182 1352 1225 et
1402 1173 1453 1223 A
1493 1171 1547 1223 K
1589 1169 1870 1240 respective
1886 1190 1900 1232 3
1962 1170 2024 1238 (a)
2065 1180 2116 1221 et
2156 1169 2266 1233 vice

129 1271 290 1324 versa.

131 1399 140 1403 -
203 1361 363 1413 Corol.
391 1366 440 1410 2.
482 1358 552 1409 Et
577 1356 855 1409 velocitatis
881 1355 1136 1417 maximae,
1166 1372 1322 1423 quam
1347 1371 1534 1421 corpus
1552 1353 1606 1403 in
1624 1351 1883 1403 infinitum
1905 1349 2267 1402 descendendo

127 1457 296 1517 potest
321 1464 548 1516 unquam
573 1445 851 1514 acquirere,
883 1444 946 1512 (b)
974 1460 1239 1512 exponens
1266 1451 1344 1493 est
1367 1441 1503 1492 linea
1528 1441 1580 1492 A
1608 1440 1669 1492 C.

205 1539 364 1590 Corol.
395 1545 441 1588 3.
483 1535 650 1605 Igitur
675 1534 717 1584 si
741 1535 795 1583 in
820 1533 939 1584 data
965 1532 1136 1603 aliqua
1162 1532 1430 1584 velocitate
1456 1539 1799 1600 cognoscatur
1835 1529 2122 1580 resistentia
2158 1548 2267 1581 me-
2320 1556 2323 1571 1

129 1628 215 1692 dii,
244 1627 529 1680 invenietur
557 1625 798 1677 velocitas
824 1626 1068 1687 maxima,
1098 1623 1351 1675 sumendo
1376 1623 1543 1691 ipsam
1570 1621 1637 1672 ad
1662 1621 1984 1673 velocitatem
2009 1621 2150 1672 illam
2176 1621 2266 1672 da-

128 1728 232 1769 tam
256 1717 309 1767 in
336 1713 691 1783 subduplicata
730 1714 943 1776 ratione,
984 1731 1139 1783 quam
1174 1712 1331 1765 habet
1348 1712 1423 1764 vis
1448 1710 1711 1782 gravitatis
1753 1710 1812 1779 (⁰)
1840 1710 1905 1761 ad
1930 1709 2089 1762 medii
2114 1711 2266 1762 resis-

128 1808 337 1859 tentiam
362 1806 501 1858 illam
528 1787 801 1876 cognitam.

139 1973 171 2009 A
192 1984 217 2020 p
238 1975 280 2018 ><
302 1971 318 2009 l
340 1971 372 2010 C
395 1975 437 2019 ><
458 1971 475 2009 l
493 1983 529 2018 o,
548 1972 621 2009 hoc
640 1978 707 2015 est,
737 1972 786 2010 ob
805 1972 940 2009 datum
965 1978 1171 2023 rectangu-
1199 2000 1201 2002 ,

131 2025 214 2062 lum
243 2025 258 2061 l
288 2025 320 2063 C
351 2029 393 2071 ><
427 2025 442 2062 1
472 2037 509 2069 0,
540 2031 586 2062 ut
617 2026 656 2062 A
684 2037 722 2073 p.
782 2025 902 2075 Ergo,
943 2025 1171 2063 co'ezuntibus

131 2077 285 2127 punctis
314 2078 353 2124 k,
382 2078 408 2124 l,
438 2090 525 2116 area
547 2077 790 2127 hyperbolica
807 2078 835 2115 k
852 2090 879 2114 n
898 2090 922 2114 o
940 2077 954 2114 l
972 2095 1029 2114 =
1047 2078 1074 2115 k
1092 2078 1107 2115 l
1125 2083 1166 2124 ><

130 2132 199 2177 10,
231 2138 288 2168 est
315 2138 362 2169 ut
389 2133 425 2168 A
445 2144 483 2179 p.
546 2130 802 2179 Componitur
830 2130 948 2181 igitur
979 2144 1066 2169 area
1091 2138 1172 2168 tota

131 2184 375 2234 hyperbolica
395 2189 418 2221 2
436 2186 474 2221 A
494 2185 529 2221 B
549 2196 573 2221 o
590 2184 606 2221 l
624 2196 672 2221 ex
689 2184 885 2232 particulis
902 2184 930 2221 k
948 2197 975 2221 n
993 2197 1017 2221 o
1034 2184 1050 2221 l
1069 2184 1171 2222 velo-

134 2237 237 2275 citati
259 2238 298 2274 A
317 2251 342 2285 p
361 2250 510 2285 semper
528 2236 887 2286 proportionalibus,
917 2244 955 2275 et
972 2236 1171 2287 propterea

133 2290 256 2338 spatio
291 2290 488 2328 velocitate
528 2289 600 2327 ista
644 2289 834 2338 descripto
879 2290 1172 2339 proportionalis

134 2351 200 2381 est.
265 2342 473 2381 Dividatur
494 2344 576 2393 jam
602 2355 689 2380 area
710 2342 778 2380 illa
804 2342 845 2379 in
863 2351 987 2392 partes
1008 2343 1174 2393 aequales

139 2397 175 2433 A
195 2396 230 2433 B
246 2397 336 2442 mi;
357 2396 429 2433 im
448 2409 474 2433 n
493 2396 531 2442 k,
553 2395 579 2432 k
597 2409 624 2432 n
642 2394 704 2442 ol,
725 2396 793 2433 &c.
819 2403 857 2434 et
875 2396 971 2434 vires
988 2396 1173 2440 absolutae

138 2450 175 2486 A
200 2449 244 2495 C,
266 2450 278 2485 i
301 2450 345 2493 C,
367 2449 394 2486 k
416 2450 461 2495 C,
489 2449 505 2486 l
526 2449 572 2497 C,
590 2450 658 2486 &c.
696 2457 809 2487 erunt
839 2449 881 2486 in
911 2450 1173 2500 progressione

135 2501 378 2553 geometrica.
440 2503 490 2546 Q.
514 2515 548 2539 e.
571 2502 608 2539 d.

190 2554 245 2606 (²)
270 2559 289 2579 '¹‘
312 2558 365 2594 Ec
384 2557 463 2594 vice
480 2554 596 2594 υενεᾶ.
627 2554 751 2592 Simili
769 2554 885 2592 modo
903 2554 934 2592 si
953 2555 994 2592 in
1012 2568 1171 2594 ascensu

137 2608 314 2656 corporis,
349 2608 514 2657 spatium
541 2620 664 2657 usque
681 2607 731 2645 ad
748 2607 878 2658 motus
896 2608 1171 2646 extinctionem

135 2660 423 2699 describendum
437 2669 651 2709 exponatur
663 2673 731 2709 per
744 2673 869 2698 aream
885 2662 1168 2711 hyperbolicam

139 2716 174 2751 A
199 2715 233 2752 B
253 2727 280 2751 n
298 2714 324 2751 k
351 2714 491 2762 exponi
505 2721 664 2762 possunt
680 2712 737 2750 vis
755 2715 959 2764 gravitatis,
974 2715 1167 2752 ‘velocitas

137 2767 303 2858 {rigoris
322 2775 359 2805 et
378 2766 588 2806 resistentia
600 2765 719 2806 medii
736 2779 805 2817 per
818 2767 937 2806 lineas
955 2768 993 2806 A
1009 2768 1054 2813 C,
1079 2768 1117 2806 A
1132 2781 1170 2818 p,

1278 1970 1335 2024 (¹³)
1357 1974 1379 1996 ⁹¹⁵
1402 1972 1605 2020 Exponens
1623 1978 1676 2009 est
1694 1972 1794 2009 linea
1813 1970 1852 2007 A
1874 1972 1914 2009 C.
1949 1969 2037 2007 Fiat
2048 1968 2152 2006 enim
2176 1969 2211 2006 A
2233 1969 2267 2006 P

1223 2040 1280 2061 =
1303 2025 1341 2062 A
1368 2025 1412 2068 C,
1444 2032 1483 2061 et
1511 2023 1602 2074 quia
1632 2027 1718 2075 (per
1736 2022 1897 2072 constr.)
1932 2023 1969 2060 A
1995 2024 2062 2060 P2
2082 2038 2139 2058 =
2162 2023 2199 2059 A
2224 2022 2266 2059 K

1226 2083 1268 2124 ><
1296 2078 1335 2115 Α
1358 2078 1403 2122 C,
1425 2076 1495 2114 erit
1513 2076 1629 2114 etiam
1651 2077 1687 2114 A
1714 2076 1756 2113 K
1775 2092 1832 2112 =
1854 2076 1892 2113 A
1913 2076 1959 2122 C,
1979 2074 2142 2125 ideoque
2161 2075 2267 2112 coin-

1224 2130 1375 2168 cidente
1406 2128 1580 2167 ordinata
1615 2128 1656 2166 K
1687 2128 1740 2175 N,
1772 2141 1864 2166 cum
1895 2136 2109 2177 asymptoto
2143 2129 2174 2166 C
2207 2129 2265 2174 H,

1225 2197 1313 2222 area
1339 2182 1584 2233 hyperbolica
1612 2182 1651 2220 A
1674 2182 1710 2220 Β
1735 2182 1775 2220 N
1796 2182 1850 2226 K,
1881 2181 2034 2219 infinita
2051 2181 2198 2225 evadet,
2228 2190 2268 2219 et

1225 2237 1392 2285 spatium
1406 2264 1410 2269 „
1422 2234 1688 2273 descendendo
1721 2235 1954 2284 descriptum
1986 2235 2077 2272 huic
2109 2247 2267 2282 propor—

1225 2289 1367 2328 tionale
1385 2289 1457 2340 erit
1474 2302 1627 2339 quoque
1645 2288 1856 2334 infinitum,
1886 2288 2049 2338 gravitas
2078 2286 2178 2331 vero,
2209 2301 2267 2324 re-

1227 2343 1396 2381 sistentia
1415 2349 1453 2380 et
1471 2342 1648 2380 velocitas
1667 2341 1834 2390 corporis
1862 2351 2104 2390 exponentur
2130 2354 2197 2389 per
2221 2341 2265 2377 li-

1226 2409 1341 2434 neam
1363 2399 1401 2433 A
1425 2396 1470 2441 C,
1506 2396 1653 2445 eritque
1679 2395 1839 2442 proinde
1862 2395 2073 2438 resistentia
2092 2394 2267 2444 gravitati

1227 2449 1394 2499 aequalis,
1417 2457 1453 2486 et
1471 2448 1669 2497 propterea
1687 2448 1866 2486 velocitas
1887 2452 1925 2484 A
1950 2449 1982 2486 C
2002 2447 2181 2485 maxima.

1280 2502 1337 2554 (α)
1369 2505 1390 2527 *
1413 2503 1478 2540 Ad
1507 2504 1621 2540 medii
1647 2503 1897 2540 resistentiam
1928 2504 2031 2539 illam
2063 2503 2263 2549 cognitam.

1228 2554 1333 2593 Cum
1364 2555 1470 2593 enim
1497 2555 1713 2593 velocitates
1740 2556 1818 2591 sint
1843 2554 1884 2591 in
1912 2553 2177 2602 subduplicata
2205 2566 2265 2589 ra-

1224 2608 1329 2647 tione
1346 2607 1645 2646 resistentiarum
1667 2610 1753 2659 (per
1775 2608 1906 2657 Hyp.)
1928 2614 1966 2644 et
1984 2607 2196 2644 resistentia
2214 2606 2262 2643 sit

1220 2661 1396 2711 gravitati
1415 2662 1583 2710 aequalis,
1605 2662 1672 2699 ubi
1691 2661 1869 2698 velocitas
1888 2659 2058 2697 maxima
2075 2667 2142 2702 est,
2177 2661 2262 2710 (per

1224 2715 1313 2753 Cor.
1332 2713 1390 2763 2.)
1410 2714 1588 2752 velocitas
1606 2714 1775 2751 maxima
1793 2714 1865 2750 erit
1877 2713 1927 2751 ad
1941 2713 2178 2750 velocitatem
2194 2712 2261 2748 da-

1225 2777 1305 2805 tam
1332 2768 1374 2804 in
1405 2766 1672 2815 subduplicata
1690 2767 1838 2804 ratione
1856 2766 2051 2818 gravitatis
2069 2765 2119 2804 ad
2146 2765 2264 2802 medii

1226 2820 1478 2859 resistentiam
1495 2820 1601 2859 illam
1619 2820 1825 2872 cognitam.

1158 3002 1249 3043 Da
