2502 4192
105 273 317 325 Loem
341 271 610 334 SECUND]
665 268 1068 322 PRINCIPIA
1109 268 1725 321 MATHEMATICA.
2172 277 2274 322 229

132 416 285 467 citate
311 414 591 485 cylindrus,
619 423 852 482 tempore
880 413 1115 476 cadendi,
1146 413 1492 483 quadruplum
1519 411 1859 482 longitudinis
1877 429 1984 462 suae
2002 412 2275 464 describet.

136 503 447 556 Resistentia
484 512 655 553 autem
695 502 928 573 cylindri,
970 501 1063 553 hac
1098 501 1363 553 velocitate
1400 499 1681 552 secundum
1714 500 2093 571 longitudinem
2132 521 2276 552 suam

129 591 523 662 progredientiS,
554 591 734 642 eadem
759 601 836 642 est
861 609 978 642 cum
1005 590 1291 643 resistentia
1318 591 1507 642 circelli
1535 595 1649 659 (per
1670 590 1888 642 Lemma
1910 591 2028 655 IV.)
2056 590 2277 659 ideoque

133 682 345 752 aequalis
371 690 449 733 est
472 683 523 732 vi
550 681 650 751 qua
675 691 844 733 motus
883 682 1008 749 ejus,
1052 681 1374 732 intereadum
1406 680 1753 749 quadruplum
1790 679 2128 750 longitudinis
2169 697 2276 729 suae

131 771 390 833 describit,
422 768 476 839 (s)
503 771 740 840 generari
764 779 936 839 potest
964 768 1373 840 quamproxime.

207 863 263 914 Si
286 862 561 933 longitudo
587 861 807 932 cylindri
841 870 1092 932 augeatur
1127 862 1210 913 vel
1246 862 1523 924 minuatur,
1563 869 1733 912 motus
1761 861 1869 929 ejus
1895 871 1952 911 ut
1980 870 2031 911 et
2055 870 2275 927 tempuS,

131 970 234 1022 quo
259 951 607 1021 quadruplum
633 951 973 1021 longitudinis
1001 970 1108 1002 suae
1134 950 1395 1013 describit,
1428 954 1491 1018 (g)
1519 949 1795 1019 augebitur
1819 949 1900 999 vel
1925 948 2188 1000 minuetur
2224 949 2278 998 in

131 1041 314 1094 eadem
339 1042 552 1104 ratione,
581 1039 802 1110 ideoque
829 1040 902 1092 vis
928 1040 1031 1103 illa,
1062 1038 1163 1111 qua
1189 1050 1360 1091 motus
1387 1048 1567 1090 auctus
1593 1038 1676 1089 vel
1701 1037 2000 1099 diminutuS,
2042 1046 2278 1105 tempore

129 1132 322 1201 pariter
358 1140 510 1183 aucto
535 1130 616 1182 vel
642 1130 912 1193 diminuto,
954 1129 1193 1201 generari
1229 1128 1310 1180 vel
1348 1128 1460 1179 tolli
1498 1127 1676 1195 possit,
1720 1144 1827 1176 non
1864 1125 2176 1186 mutabitur3
2219 1143 2279 1175 ac

128 1223 348 1292 proinde
387 1222 668 1274 etiamnum
705 1221 917 1291 aequalis
944 1230 1021 1272 est
1053 1220 1357 1272 resistentiae
1395 1217 1632 1288 cylindri,
1675 1235 1797 1267 nam
1834 1225 1884 1267 et
1919 1216 2034 1267 haec
2072 1234 2280 1285 quoque

128 1312 398 1363 immutata
422 1320 597 1362 manet
620 1328 714 1379 per
740 1311 958 1362 Lemma
986 1311 1082 1362 IV.

204 1400 267 1470 (¹¹)
300 1401 355 1454 Si
381 1401 605 1452 densitas
633 1400 850 1470 cylindri
887 1410 1138 1472 augeatur
1162 1400 1245 1451 vel
1269 1399 1548 1461 minuatur,
1589 1406 1758 1448 motus
1786 1398 1892 1465 ejus
1918 1405 1976 1446 ut
2001 1406 2052 1447 et
2076 1395 2152 1446 vis
2180 1394 2280 1464 qua

131 1501 301 1543 motus
340 1490 523 1541 eodem
561 1501 796 1558 ternpore
822 1491 1060 1560 generari
1085 1489 1167 1540 vel
1192 1489 1304 1540 tolli
1328 1497 1514 1557 potest,
1556 1487 1610 1537 111
1637 1485 1818 1538 eadem
1843 1485 2043 1535 ratione
2070 1485 2282 1554 augebi-

129 1591 214 1633 tur
234 1583 314 1633 vel
338 1581 618 1632 minuetur.

132 1681 269 1723 totus
296 1672 403 1741 ejus
428 1679 618 1733 motus,
657 1670 980 1721 intereadum
1018 1669 1369 1740 quadruplum
1404 1668 1743 1739 longitudinis
1768 1686 1876 1718 suae
1902 1666 2161 1728 describit,
2203 1664 2284 1715 ‘vel

133 1761 371 1832 generari
395 1761 560 1829 possit
584 1760 666 1813 vel
703 1760 831 1824 tolli,
877 1770 935 1812 ut
971 1761 1198 1813 densitas
1234 1760 1393 1812 medii
1418 1759 1485 1811 ad
1511 1759 1818 1811 densitatem
1844 1757 2066 1828 cylindri
2103 1775 2285 1826 quam-

131 1847 385 1918 proxime.
463 1849 533 1911 Q.
563 1868 607 1901 e.
634 1849 685 1902 d.

206 1937 453 1989 Fluidum
491 1948 663 1990 autem
700 1939 973 2008 comprimi
1009 1940 1163 1992 debet
1186 1950 1244 1992 ut
1270 1941 1336 1992 sit
1360 1939 1680 2002 continuum,
1728 1938 1782 2006 (ἰ)
1809 1919 2123 1989 'continuum
2159 1934 2284 1986 velo

678 1581 992 1632 Resistentia
1017 1582 1190 1651 itaque
1217 1581 1437 1650 cylindri
1463 1581 1813 1648 cujuscunque
1840 1579 1938 1629 erit
1963 1577 2029 1628 ad
2055 1578 2159 1628 vim
2179 1576 2281 1646 qua

130 2046 241 2081 esse
267 2028 422 2079 debet
446 2037 498 2080 et
521 2045 628 2080 non
655 2028 938 2094 elasticum,
978 2040 1036 2115 ut
1071 2031 1270 2100 pressio
1296 2031 1480 2094 omnis,
1523 2050 1639 2100 quae
1665 2031 1731 2081 ab
1758 2031 1867 2099 ejus
1895 2027 2281 2097 compressione

130 2110 308 2182 oritur,
347 2131 666 2192 propagetur
690 2122 745 2173 111
770 2122 997 2186 1115131111,
1039 2132 1089 2175 01
1113 2124 1169 2174 111
1194 2142 1373 2175 01111105
1400 2123 1528 2174 111011
1555 2122 1786 2190 corporis
1813 2130 1988 2190 partes
2015 2118 2285 2188 aequaliter

130 2211 333 2282 agendo
376 2212 719 2264 resistentiam
756 2232 863 2265 non
898 2223 1079 2266 mutet.
1157 2214 1363 2267 Pressio
1404 2215 1598 2283 utique,
1646 2232 1762 2282 quae
1798 2233 1828 2264 a
1865 2222 2011 2263 motu
2050 2210 2283 2278 corp01is

130 2303 310 2366 oritur,
350 2304 670 2373 impenditur
705 2305 761 2356 in
797 2315 997 2357 motum
1033 2306 1259 2374 partium
1295 2305 1443 2356 fluidi
1481 2304 1839 2375 generandum
1865 2313 1917 2355 et
1941 2301 2284 2354 resistentiam

130 2404 285 2464 creat.
363 2388 569 2448 Pressio
605 2406 778 2449 autem
818 2416 934 2468 quae
972 2399 1137 2450 oritur
1163 2418 1195 2450 a
1219 2399 1602 2467 compressione
1637 2397 1801 2460 fluidi,
1848 2406 2112 2465 utcunque
2137 2395 2283 2445 fortis

130 2475 210 2547 sit,
257 2485 301 2535 si
338 2496 655 2557 propagetur
690 2488 746 2539 in
778 2487 1002 2551 instanti,
1047 2488 1250 2540 nullum
1287 2498 1502 2560 generat
1536 2498 1737 2539 motum
1772 2489 1828 2537 in
1865 2487 2097 2555 partibus
2134 2486 2283 2536 fluidi

131 2578 377 2642 continui,
405 2580 601 2631 nullam
628 2581 841 2632 omnino
865 2581 1065 2633 inducit
1088 2594 1259 2634 motus
1285 2580 1654 2642 mutationem3
1682 2579 1905 2648 ideoque
1932 2577 2283 2630 resistentiam

1236 2723 1346 2767 basis,
1374 2721 1588 2761 altitudinis
1607 2729 1646 2759 et
1664 2721 1884 2766 velocitatis,
1916 2719 2158 2758 intereadum
2185 2732 2283 2770 qua-

185 2720 239 2774 (ἲ)
280 2723 302 2746 ²*
350 2722 538 2761 Generari
568 2731 691 2773 potest
727 2723 1027 2775 quamproaez'mb.
1091 2724 1184 2768 Quo

1237 2776 1420 2824 druplum
1440 2775 1697 2826 longitudinis
1716 2787 1796 2811 suae
1815 2774 2005 2819 describit,
2026 2773 2201 2824 generari
2222 2774 2285 2810 vel

129 2775 235 2814 enim
273 2781 445 2823 ternpore
481 2775 679 2825 cylindrus
709 2789 801 2814 cum
820 2777 1017 2825 fpraedicta
1043 2777 1184 2814 veloci-

135 2835 212 2866 tate
237 2828 480 2866 uniformiter
499 2829 794 2879 progrediendo,
816 2829 995 2868 describit
1016 2831 1183 2878 spatium

135 2885 160 2918 2
182 2881 203 2919 1
228 2881 278 2923 G,
308 2881 460 2929 proprio
487 2882 656 2930 pondere
676 2882 849 2920 cadendo
868 2882 1098 2921 describeret
1125 2883 1180 2920 al-

132 2933 339 2972 titudinem
370 2935 391 2972 1
416 2935 469 2981 G,
502 2942 540 2972 et
567 2934 808 2973 velocitatem
834 2936 943 2973 illam
971 2936 1184 2986 acquireret

132 2989 221 3039 (30.
255 2986 343 3024 Lib.
371 2986 443 3033 Ι).
507 2986 611 3025 Cum
639 2988 760 3038 igitur
790 2989 1003 3027 resistentia
1030 2989 1187 3040 aequalis

128 3040 185 3078 sit
201 3039 363 3117 pon*deri
383 3039 560 3089 cylindri,
581 3048 688 3089 patet
706 3042 957 3090 propositum.

187 3092 289 3144 (g)*
312 3094 525 3143 Augebitur
536 3096 593 3133 vel
607 3096 818 3134 minuetur.
883 3095 1087 3140 Quantitas
1100 3108 1183 3133 mo-

133 3144 198 3184 tus
214 3145 256 3183 in
274 3145 448 3195 cylindro
468 3147 582 3197 cujus
600 3147 715 3209 basis,
743 3147 911 3186 densitas
938 3155 977 3186 et
1004 3148 1185 3186 velocitas

134 3198 233 3236 datae
251 3205 352 3244 sunt,
382 3207 546 3250 augetur
572 3200 634 3238 vel
662 3200 855 3239 minuitur
872 3202 914 3239 in
932 3201 1079 3239 ratione
1098 3201 1184 3239 lon-

134 3251 325 3301 gitudinis
351 3252 515 3300 cylindri
534 3265 601 3291 seu
624 3253 845 3300 voluminis,
876 3262 914 3293 et
932 3262 1086 3303 tempus
1104 3267 1183 3304 quo

132 3304 334 3353 cylindrus
352 3302 443 3342 data
461 3305 529 3343 illa
546 3306 746 3344 velocitate
766 3282 1008 3345 uniformiter
1025 3320 1181 3358 progre-

134 3356 277 3394 diendo
305 3348 568 3406 quadruplum
596 3358 854 3420 longitudinis
881 3374 962 3398 suae
989 3360 1179 3407 describit,

133 3417 299 3460 augetur
338 3409 399 3447 vel
438 3411 631 3449 minuitur
666 3412 708 3449 in
747 3412 882 3453 eadem
926 3414 1182 3463 longitudinis

133 3470 257 3500 auctae
276 3462 336 3500 vel
355 3462 558 3501 diminutae
576 3464 723 3503 ratione
744 3468 801 3517 (5.
822 3467 911 3505 Lib.
939 3467 973 3504 1.
982 3468 997 3517 )
1017 3465 1183 3517 ideoque

135 3516 252 3568 (179)
273 3516 329 3552 vis
346 3518 411 3553 illa
431 3514 508 3566 qud
523 3524 649 3556 molus
668 3526 815 3564 auctus,
845 3520 915 3557 &c.

188 3568 249 3620 (¹¹)
273 3572 293 3593 '¹¹‘
316 3572 357 3608 Se·
375 3571 538 3608 densitas
557 3573 725 3620 cylindri
752 3572 899 3610 caeteris
926 3572 1181 3618 manentibus,

133 3629 323 3671 augeatur
341 3624 398 3660 vel
424 3625 641 3670 minuatur,
672 3632 797 3663 motus
814 3625 897 3674 ejus
908 3633 953 3664 ut
978 3634 1014 3664 et
1032 3628 1086 3664 vis
1104 3624 1183 3676 qu&

133 3682 257 3713 motus
274 3679 397 3714 eodem
426 3683 589 3726 tempore
612 3680 793 3726 generari
810 3681 867 3717 vel
885 3681 964 3717 tolli
975 3686 1111 3728 potest,
1142 3693 1185 3717 m

132 3726 265 3766 eztdem
298 3730 442 3768 ratione
477 3732 676 3778 augebitur
711 3732 768 3769 vel
804 3733 1007 3771 minuetur
1047 3733 1117 3782 (27
1123 3731 1180 3781 9)

137 3778 242 3818 Cum
285 3780 407 3843 igitur
443 3782 607 3831 cylindri
652 3782 920 3834 cujuscunque
966 3784 1182 3823 resistentia

134 3833 256 3884 aequal
257 3834 290 3872 is
307 3834 356 3873 sit
372 3834 412 3873 vi
428 3834 507 3886 qua
524 3843 653 3874 motus
671 3835 837 3885 cylindri
866 3850 978 3888 aquae
1005 3837 1182 3889 ejusdem

1236 2829 1322 2867 tolli
1339 2829 1468 2877 possit,
1490 2837 1528 2867 et
1546 2828 1602 2865 vis
1615 2830 1699 2865 haec
1713 2827 1762 2865 sit
1780 2827 1829 2864 ad
1844 2827 1922 2864 vim
1940 2840 2018 2877 qua
2032 2834 2135 2863 totus
2149 2839 2194 2875 pi
2195 2839 2285 2863 10115

1236 2882 1400 2932 cylindri
1426 2889 1556 2919 motus
1588 2881 1725 2919 eodem
1756 2888 1929 2930 tempore
1961 2879 2136 2930 generari
2164 2879 2284 2928 possit

1236 2935 1297 2972 vel
1324 2935 1421 2982 tolli,
1452 2943 1497 2973 ut
1524 2934 1690 2972 densitas
1708 2946 1819 2984 aquae
1838 2934 1887 2971 ad
1906 2933 2132 2970 densitatem
2161 2932 2286 2982 cylin-

1240 2988 1312 3035 dri,
1342 3000 1581 3038 consequens
1605 2995 1660 3025 est
1678 2995 1723 3025 ut
1740 2986 1953 3024 resistentia
1972 2985 2135 3035 cylindri
2153 2985 2284 3035 cujus-

1240 3054 1407 3091 cumque
1426 3042 1475 3079 sit
1493 3041 1543 3079 ad
1560 3042 1638 3078 vim
1658 3040 1734 3091 qua
1747 3047 1852 3077 totus
1864 3040 1948 3090 ejus
1961 3046 2103 3084 motuS,
2119 3038 2284 3076 interea-

1239 3094 1336 3132 dum
1354 3094 1617 3144 quadruplum
1635 3093 1891 3144 longitudinis
1910 3105 1989 3130 suae
2009 3091 2196 3135 describit,
2214 3104 2283 3142 ge-

1237 3147 1362 3185 nerari
1382 3148 1442 3186 vel
1461 3147 1544 3184 tolli
1562 3154 1696 3196 potest,
1728 3154 1774 3184 ut
1800 3145 1967 3183 densitas
1991 3157 2100 3196 aquae
2119 3144 2169 3182 ad
2188 3144 2283 3182 den-

1238 3200 1387 3239 sitatem
1407 3200 1568 3251 cylindri
1587 3198 1891 3250 quamproxime.

1291 3253 1342 3305 (³)
1361 3256 1383 3277 *
1410 3256 1645 3293 Continuum
1672 3252 1754 3291 vero
1782 3266 1857 3291 esse
1884 3254 1987 3290 debet
2004 3259 2040 3290 et
2059 3267 2137 3292 non
2159 3254 2285 3291 elasti-

1235 3321 1339 3346 cum.
1402 3307 1508 3345 Nam
1537 3306 1568 3343 si
1600 3305 1765 3343 fluidum
1798 3314 1895 3343 esset
1922 3305 2134 3352 elasticum,
2164 3305 2285 3354 ipsius

1234 3368 1361 3409 partes
1397 3373 1465 3409 per
1501 3359 1824 3407 compressionem
1861 3358 2196 3402 condensarentur‚
2244 3364 2284 3395 et

1235 3412 1375 3450 deinde
1401 3412 1632 3456 rarefierent,
1662 3420 1776 3461 atque
1795 3412 1848 3449 ita
1865 3411 2008 3460 pressio
2035 3424 2102 3460 per
2129 3419 2283 3449 motum

1235 3466 1528 3516 progressivum,
1555 3466 1621 3515 qui
1639 3464 1903 3503 instantaneus
1930 3477 2010 3503 esse
2039 3477 2116 3501 non
2144 3470 2280 3513 potest,

1235 3526 1521 3568 propagaretur.
1584 3518 1641 3555 At
1666 3518 1698 3555 si
1727 3517 1891 3556 fluidum
1920 3518 2148 3555 continuum
2168 3517 2216 3554 sit
2242 3523 2282 3554 et

1237 3572 1387 3609 densari
1408 3570 1687 3620 compressione
1714 3578 1890 3621 nequeat,
1923 3571 2065 3619 pressio
2093 3582 2280 3619 propaga-

1236 3625 1342 3663 bitur
1376 3625 1418 3661 in
1454 3624 1623 3663 instanti.
1685 3624 1972 3673 Experimentis
2009 3621 2097 3660 vero
2134 3628 2283 3660 constat

1238 3690 1377 3727 aquam
1408 3677 1450 3714 in
1481 3684 1583 3715 statu
1615 3678 1779 3715 naturali
1807 3676 2051 3715 constitutam
2079 3675 2142 3711 vix
2169 3687 2280 3736 posse

1238 3729 1475 3776 condensari,
1503 3743 1572 3768 seu
1589 3730 1631 3767 in
1650 3731 1813 3780 spatium
1843 3730 1973 3767 minus
1999 3728 2281 3777 compressione

1234 3783 1380 3834 redigi;
1403 3783 1493 3821 cum
1509 3796 1531 3821 e
1550 3782 1681 3821 contra}
1695 3784 1759 3821 a'e'r
1776 3783 1956 3822 maximae
1968 3781 2279 3820 condensationis

1236 3843 1274 3876 et
1291 3835 1551 3875 rarefactionis
1569 3837 1618 3875 sit
1636 3849 1766 3886 capax.

1173 3906 1252 3944 P
1226 3921 1251 3944 v
