2502 4192
115 291 298 344 Limen
328 293 598 355 smum]
656 289 1058 342 PRINCIPIA
1100 285 1721 340 MATHEMATICA.
2149 291 2252 337 243

1045 553 1306 605 Scholium.

176 694 253 747 Ut
285 693 597 746 resistendas
641 693 920 745 fluidorum
967 693 1332 762 investigarem
1373 709 1469 760 per
1520 690 1891 759 experimenta,
1942 690 2121 759 paravi
2164 707 2252 741 vas

100 785 330 856 ligneum
367 785 691 854 quadratum,
737 782 1061 854 longitudine
1099 793 1151 834 et
1186 780 1461 834 latitudine
1499 780 1701 832 interna
1746 780 2028 851 digitorum
2065 798 2253 831 novem

102 873 156 944 (f)
183 874 330 943 pedis
358 874 724 936 Londinensis,
763 872 1117 942 profunditate
1152 871 1347 940 pedum
1372 888 1561 922 novem
1587 889 1707 922 cum
1741 870 1969 932 semisse,
2011 869 2253 940 idemque

101 963 311 1032 implevi
336 962 469 1033 aqua
494 962 706 1031 pluviali
721 982 735 1024 3
763 971 814 1013 et
831 961 1000 1032 globis
1026 979 1093 1012 ex
1120 959 1238 1012 cera
1264 970 1316 1012 et
1340 959 1557 1029 plumbo
1582 959 1782 1010 incluso
1801 959 2049 1022 formatis,
2078 958 2253 1010 notavi

101 1062 337 1120 tempora
361 1052 640 1103 descensus
665 1051 960 1122 globorum,
990 1050 1242 1102 existente
1258 1049 1538 1100 descensus
1555 1047 1826 1099 altitudine
1847 1055 1869 1098 1
1885 1056 1906 1098 1
1918 1055 1948 1099 2
1966 1047 2251 1118 digitorum

99 1143 262 1211 pedis.
338 1142 437 1194 Pes
465 1141 658 1193 solidus
685 1142 897 1193 cubicus
924 1140 1273 1193 Londinensis
1301 1140 1531 1192 continet
1553 1145 1618 1195 76
1638 1139 1797 1190 libras
1822 1140 2254 1209 Romanaanuae

99 1232 355 1300 pluvialis,
400 1242 452 1283 et
486 1232 635 1301 pedis
674 1232 830 1301 hujus
875 1231 1066 1302 digitus
1103 1230 1297 1282 solidus
1334 1230 1564 1281 continet
1601 1228 1667 1293 {A}
1704 1229 1883 1280 uncias
1919 1228 2068 1279 librae
2100 1228 2253 1297 hujus

98 1322 165 1390 (g)
194 1339 284 1372 seu
308 1339 470 1391 grana
497 1323 665 1386 25333
693 1332 744 1372 et
758 1320 945 1391 globus
965 1338 1158 1390 aqueus
1180 1319 1432 1370 diametro
1457 1318 1605 1389 digiti
1632 1317 1785 1368 unius
1813 1316 2104 1385 descriptus
2130 1335 2253 1368 con-

98 1412 228 1464 tiuet
264 1432 427 1484 grana
457 1420 575 1477 132,
600 1419 703 1465 645
730 1413 784 1463 in
809 1412 982 1463 medio
1008 1411 1158 1473 aeris,
1206 1409 1270 1479 (¹¹)
1299 1410 1380 1461 vel
1409 1428 1574 1481 grana
1604 1415 1723 1471 182,
1749 1416 1778 1460 8
1806 1408 1860 1458 in
1885 1426 2079 1469 vacuo3
2122 1407 2174 1476 (¹)
2204 1419 2255 1460 et

99 1502 285 1571 globus
312 1503 529 1572 quilibet
554 1502 683 1554 alius
709 1511 786 1554 est
812 1511 869 1553 ut
894 1519 1137 1554 excessus
1162 1500 1411 1569 ponderis
1437 1488 1546 1569 ejus
1572 1499 1627 1549 in
1652 1516 1817 1549 vacuo
1855 1515 2012 1566 supra
2046 1497 2254 1566 pondus

20 1653 24 1656 .
99 1591 210 1660 ejus
235 1590 290 1641 in
315 1589 465 1660 aquil.

169 1685 361 1750 Exper.
394 1689 439 1733 1.
482 1680 701 1744 Globus‚
730 1681 876 1750 cujus
900 1678 1107 1748 pondus
1134 1685 1248 1730 erat
1278 1679 1414 1743 156}
1438 1690 1724 1747 granorum
1749 1676 1802 1728 in
1828 1678 1947 1728 aere
1973 1686 2025 1728 et
2045 1682 2110 1732 77
2131 1695 2251 1748 gra-

97 1789 286 1822 norum
322 1771 377 1821 in
414 1769 564 1839 aqua,
611 1768 936 1820 altitudinem
972 1777 1136 1819 totam
1173 1765 1459 1836 digitorum
1508 1771 1607 1815 112
1653 1774 1891 1832 tempore
1934 1765 2254 1816 minutorum

97 1872 319 1931 quatuor
345 1859 691 1912 secundorum
717 1859 1004 1928 descripsit.
1081 1858 1153 1909 Et
1178 1856 1537 1925 experimento
1562 1857 1801 1924 repetito,
1842 1857 2030 1927 globus
2064 1857 2254 1908 iterum

98 1952 287 2003 cecidit
312 1951 500 2002 eodem
525 1960 760 2019 tempore
785 1951 1107 2002 minutorum
1133 1958 1355 2019 quatuor
1381 1949 1745 2001 secundorum.

174 2040 237 2111 (¹³)
269 2040 483 2093 Pondus
523 2040 668 2112 globi
703 2040 757 2091 in
795 2059 959 2092 vacuo
985 2049 1063 2092 est
1090 2039 1261 2104 156ἑὲ
1285 2058 1432 2110 gran.
1462 2049 1514 2091 et
1539 2057 1779 2091 excessus
1816 2039 1970 2109 hujus
2006 2039 2252 2108 ponderis

104 2150 260 2201 supra
284 2130 488 2199 pondus
512 2130 655 2201 globi
680 2131 734 2182 in
760 2130 892 2202 aqua
919 2141 997 2184 est
1023 2137 1053 2187 7
1059 2131 1158 2197 93}
1182 2150 1330 2203 gran.

107 2232 185 2275 ter
210 2231 260 2287 Ο,
281 2229 454 2275 84224
492 2223 719 2292 partium
751 2223 916 2294 digiti.
993 2223 1091 2276 Est
1114 2233 1287 2275 autem
1311 2236 1370 2276 ut
1394 2241 1636 2274 excessus
1662 2222 1748 2274 ille
1774 2222 1840 2274 ad
1864 2222 2071 2291 pondus
2108 2222 2252 2294 globi

1407 2130 1461 2200 (¹)
1493 2131 1652 2184 Unde
1677 2131 1852 2199 prodit
1876 2132 2022 2203 globi
2047 2132 2243 2183 diame-

157 2404 208 2458 (f)
239 2408 261 2430 '¹‘
298 2408 412 2445 Pedis
449 2408 720 2446 Londinensis.
781 2406 857 2445 Pes
887 2405 1147 2445 Londinensis

104 2466 162 2496 est
180 2458 230 2496 ad
249 2459 384 2507 pedem
408 2460 665 2499 Parisiensem
683 2467 729 2499 ut
750 2464 798 2499 15
817 2459 868 2498 ad
890 2464 962 2507 16;
984 2467 1146 2510 uterque

102 2512 144 2548 in
163 2511 304 2562 digitos
327 2516 384 2557 12,
405 2521 444 2551 et
462 2512 607 2564 digitus
625 2513 666 2550 in
689 2518 738 2551 12
756 2513 878 2551 lineas
895 2512 1090 2552 dividitur.

158 2565 215 2617 (g)
238 2568 259 2589 ¹*
280 2568 355 2605 Seu
378 2580 516 2616 grana.
579 2567 699 2605 Libra
728 2567 911 2606 Romana
927 2566 1062 2605 uncias
1084 2571 1145 2614 12,

102 2618 222 2656 uncia
239 2623 330 2655 480.
353 2632 473 2670 grana
490 2621 672 2658 continet.

157 2671 218 2723 (¹¹)
241 2674 332 2710 287.
367 2677 388 2697 ²*
419 2674 485 2711 Vel
499 2687 628 2722 grana
653 2678 739 2720 1:32,
761 2678 784 2711 8
803 2676 847 2713 in
866 2688 996 2713 vacuo.
1051 2673 1147 2711 Cor-

101 2736 177 2773 pus
194 2724 590 2774 quodlibetiponderis
609 2727 670 2765 sui
688 2736 834 2776 partem
854 2726 995 2764 amittit
1006 2726 1047 2763 in
1061 2726 1147 2763 a'elre

101 2777 290 2827 aequalem
309 2778 469 2826 ponderi
495 2780 596 2827 paris
621 2779 831 2817 voluminis
857 2779 977 2826 aeris-,3
1010 2791 1145 2827 corpo·

102 2842 190 2867 rum
220 2843 310 2868 vero
336 2831 506 2879 pondera
523 2832 699 2870 absoluta
716 2834 788 2870 sub
807 2833 962 2881 paribus
980 2831 1145 2869 volumi-

102 2884 218 2920 nibus
235 2892 328 2921 sunt
344 2891 389 2922 ut
407 2897 541 2922 eorum
555 2884 772 2931 densitates,
790 2893 828 2923 et
841 2884 1008 2923 densitas
1021 2897 1143 2934 aquae,

96 2935 211 2986 juxta
231 2936 483 2984 Newtonum,
502 2945 560 2976 est
578 2937 628 2976 ad
646 2937 872 2976 densitatem
891 2938 988 2976 a'e'ris
1007 2945 1053 2976 ut
1067 2943 1145 2976 860

102 2988 154 3026 ad
176 2994 208 3027 1.
271 2990 415 3036 Quare,
448 3003 540 3028 cum
567 2991 672 3041 globi
691 2991 803 3041 aquei
821 2990 974 3040 pondus
991 2990 1033 3028 in
1060 2991 1146 3028 aete

103 3054 240 3090 parum
269 3042 421 3082 differat
451 3045 500 3082 ab
535 3043 708 3095 ejusdem
739 3044 908 3093 pondere
938 3043 977 3081 in
1011 3056 1144 3088 vacuo,

104 3094 313 3133 dicendum
341 3105 408 3140 est,
442 3104 489 3135 ut
517 3101 595 3136 860
626 3097 677 3135 ad
706 3101 740 3141 1,
778 3097 833 3135 ita
859 3097 1013 3146 pondus
1039 3097 1146 3148 globi

103 3148 214 3198 aquei
244 3161 452 3198 granorum
486 3154 576 3196 182,
612 3153 689 3189 645
716 3150 767 3188 ad
800 3150 954 3199 pondus
990 3149 1146 3200 aequalis

106 3200 212 3250 globi
230 3202 339 3248 aet-is,
367 3202 471 3252 quod
488 3203 650 3252 proinde
667 3203 739 3241 erit
755 3216 967 3254 granorum
984 3209 1024 3250 O,
1044 3207 1144 3242 1543

104 3266 221 3303 quam
252 3254 436 3302 proxime.
498 3256 682 3295 Addatur
707 3257 862 3306 pondus
885 3257 960 3294 hoc
986 3255 1148 3305 ponderi

103 3319 316 3357 granorum
338 3312 426 3354 182,
448 3313 539 3355 645,
567 3316 606 3347 et
622 3322 775 3347 summa
792 3322 902 3361 gran.
931 3314 1015 3353 132,
1031 3313 1052 3349 7
1058 3315 1144 3352 993,

104 3372 174 3398 seu
192 3372 300 3410 gran.
329 3364 416 3407 182,
431 3366 453 3399 8
473 3362 545 3399 erit
561 3361 714 3411 pondus
728 3362 900 3411 praedicti
915 3362 1019 3414 globi
1038 3375 1149 3412 aquae

103 3411 146 3449 in
173 3425 295 3450 vacuo
313 3426 430 3463 quam
455 3414 641 3464 proxime.
703 3416 810 3453 Dato
835 3416 955 3466 igitur
980 3415 1150 3465 pondere

104 3465 210 3516 globi
238 3465 445 3517 cujuslibet
476 3466 587 3518 aquei
619 3468 661 3505 in
697 3468 796 3514 a'ete,
832 3468 1029 3506 invenitur
1064 3469 1149 3520 ejus

104 3517 258 3566 pondus
271 3519 313 3556 in
332 3532 465 3566 vacu0,
486 3520 517 3557 si
532 3520 693 3569 ponderi
711 3520 802 3559 dato
815 3521 979 3559 addatur
990 3521 1031 3559 id
1044 3520 1149 3571 quod

104 3570 357 3661 {xbdivisione
374 3572 548 3625 ejusdem
566 3573 746 3622 ponderis
762 3587 831 3624 per
848 3587 1056 3613 numerum
1072 3579 1151 3613 860

133 3636 156 3661 a
182 3631 280 3663 etur.

160 3693 211 3745 (ἱ)
241 3699 330 3733 288.
373 3699 394 3721 '¹¹
425 3699 483 3737 Et
510 3699 641 3747 globus
672 3699 836 3749 quilibet,
867 3699 936 3736 &c.
999 3698 1152 3737 Globus

54 3746 57 3749 Ὗ
104 3747 264 3797 quilibet
291 3748 331 3786 E
359 3757 417 3788 est
442 3750 491 3788 ad
517 3750 680 3801 globum
705 3764 872 3802 aqueum
903 3752 935 3790 C
964 3751 1152 3790 diametro

105 3800 217 3850 digiti
249 3801 368 3839 unius
398 3802 645 3852 descriptum,
684 3811 730 3842 ut
762 3817 938 3842 excessus
972 3805 1152 3853 ponderis

105 3852 209 3904 globi
232 3853 268 3892 E
287 3854 328 3891 in
346 3868 468 3895 vacuo
493 3869 608 3907 supra
626 3857 780 3907 pondus
798 3857 882 3909 ejus
899 3857 940 3895 in
960 3870 1072 3909 aqua,
1102 3858 1153 3897 ad

1199 2405 1352 2455 pondus
1378 2416 1589 2453 granorum
1613 2408 1700 2449 182,
1716 2407 1751 2441 8.
1813 2403 1918 2441 Nam
1946 2416 2123 2441 excessus
2150 2416 2250 2452 pon-

1199 2459 1301 2497 deris
1320 2458 1426 2508 globi
1447 2458 1485 2496 E
1504 2457 1546 2494 in
1564 2469 1685 2495 vacuo
1703 2469 1819 2505 supra
1830 2456 1984 2504 pondus
1995 2457 2078 2507 ejus
2092 2456 2131 2493 in
2148 2455 2251 2507 aqua

1201 2519 1259 2549 est
1289 2511 1443 2560 pondus
1469 2510 1574 2560 globi
1603 2521 1715 2560 aquae
1742 2510 1915 2560 ejusdem
1944 2523 2035 2547 cum
2062 2509 2178 2560 globo
2210 2510 2248 2547 E

1201 2565 1402 2611 diametri;
1439 2563 1507 2602 sed
1543 2563 1650 2613 globi
1679 2576 1789 2613 aquae
1821 2563 2053 2613 homogenei
2085 2571 2177 2601 sunt
2206 2571 2250 2601 ut

1201 2617 1427 2655 eorumdem
1445 2616 1637 2665 pondera:
1671 2624 1729 2654 est
1746 2616 1867 2665 igitur
1885 2616 2025 2666 globus
2044 2616 2079 2653 E
2099 2616 2148 2653 ad
2162 2617 2249 2666 glo-

1200 2673 1295 2709 bum
1327 2671 1361 2708 C
1388 2677 1433 2708 ut
1459 2682 1635 2707 excessus
1666 2669 1846 2718 ponderis
1874 2669 1978 2719 globi
1999 2669 2036 2706 E
2056 2669 2099 2705 in
2125 2682 2249 2706 vacuo

1199 2737 1316 2773 supra
1346 2723 1499 2772 pondus
1525 2723 1610 2774 ejus
1641 2723 1682 2760 in
1709 2734 1821 2772 aqua,
1855 2722 1905 2760 ad
1931 2722 2085 2771 pondus
2115 2726 2203 2770 182,
2221 2728 2245 2760 8

1197 2789 1422 2828 granorum.

1255 2841 1314 2894 (k)
1337 2844 1358 2866 *
1381 2844 1543 2881 Pondus
1566 2842 1664 2890 globi
1682 2843 1723 2880 in
1744 2855 1864 2881 vacuo
1884 2849 1939 2880 est
1960 2831 2103 2895 1563}
2127 2854 2242 2890 gran.

1203 2895 1243 2933 Si
1272 2895 1376 2932 enim
1404 2907 1451 2932 ex
1479 2894 1648 2943 pondere
1680 2895 1784 2944 globi
1811 2896 1854 2932 in
1887 2895 1972 2933 a'elre
2000 2908 2109 2944 gran.
2144 2893 2247 2945 156}

1198 2948 1435 2986 subducatur
1461 2947 1614 2996 pondus
1632 2947 1715 2997 ejus
1733 2948 1774 2985 in
1793 2962 1904 2997 aqua,
1934 2948 2040 2998 quod
2058 2956 2115 2986 est
2132 2959 2242 2997 gran.

1200 3005 1262 3044 77,
1297 3001 1496 3038 residuum
1524 3001 1596 3037 erit
1622 3001 1776 3048 pondus
1802 3001 1908 3051 globi
1935 3014 2045 3051 aquae
2071 2999 2246 3051 ejusdem

1199 3054 1407 3092 voluminis
1433 3067 1542 3104 gran.
1569 3054 1671 3106 7935
1701 3061 1740 3091 et
1756 3054 2093 3106 propterea(287)
2114 3061 2159 3092 ut
2176 3055 2246 3091 ha-

1197 3109 1334 3147 beatur
1368 3107 1522 3157 pondus
1552 3106 1658 3158 globi
1689 3106 1731 3144 in
1763 3120 1895 3152 vacuo,
1935 3107 2096 3157 ponderi
2131 3119 2242 3158 gran.

1203 3192 1306 3245 156}
1320 3191 1545 3230 addendum
1563 3199 1620 3230 est
1637 3191 1790 3242 pondus
1802 3205 1911 3243 gran.
1930 3160 2024 3264 ΞΞΞ,
2054 3200 2093 3232 et
2117 3192 2246 3242 prodit

1200 3289 1353 3355 pondus
1370 3289 1477 3341 globi
1494 3290 1534 3328 in
1554 3277 1676 3343 vacup
1689 3304 1799 3342 gran.
1825 3281 1968 3346 156{333-
1986 3305 2103 3343 quam
2117 3291 2245 3342 proxi-

1201 3357 1306 3447 meb)
1339 3399 1360 3421 '¹‘
1399 3399 1509 3436 Unde
1533 3400 1662 3447 prodit
1686 3400 1785 3447 globi
1816 3401 2012 3446 diameter,
2042 3400 2113 3437 ἃς.
2173 3398 2249 3436 Est

1202 3450 1307 3489 enim
1337 3450 1452 3501 (288)
1485 3450 1639 3498 pondus
1664 3464 1773 3502 gran.
1811 3457 1935 3498 132,8
1964 3453 2014 3491 ad
2046 3443 2243 3490 excessum

1202 3517 1226 3554 7
1231 3504 1333 3568 9}335‚
1355 3523 1399 3554 ut
1417 3517 1556 3567 globus
1573 3517 1761 3556 diametro
1772 3520 1882 3571 digiti
1901 3520 2018 3558 unius
2036 3519 2250 3568 descriptus

1204 3567 1256 3605 ad
1286 3570 1447 3619 globum
1476 3572 1706 3620 quaesitum;
1745 3574 1908 3624 ideoque
1937 3581 1983 3612 ut
2019 3573 2195 3611 diametri
2227 3577 2245 3610 1

1203 3620 1318 3672 digiti
1336 3624 1459 3661 cubus
1490 3628 1507 3661 1
1529 3624 1579 3661 ad
1598 3624 1773 3664 diametri
1791 3627 1899 3678 globi
1917 3627 2067 3677 quaesiti
2086 3628 2247 3673 cubum,

1607 3680 1724 3744 7933}

1633 3764 1648 3776 C
1663 3784 1697 3802 a,

1204 3718 1272 3769 qui
1308 3719 1470 3769 proinde
1504 3720 1576 3759 erit

1757 3723 1924 3772 partium
1959 3722 2071 3773 digiti
2107 3721 2245 3760 cubici.

1209 3806 1348 3857 Hujus
1365 3805 1562 3845 fractionis
1578 3809 1686 3847 radix
1706 3809 1853 3850 cubica,
1883 3821 1950 3845 seu
1981 3808 2084 3860 globi
2105 3807 2251 3847 diame—

1206 3867 1276 3907 ter,
1297 3867 1354 3898 est
1371 3864 1410 3907 O,
1427 3864 1557 3899 84224
1576 3863 1744 3912 partium
1764 3862 1875 3913 digiti
1894 3875 2011 3913 quam
2025 3860 2212 3912 proxime.

1137 3931 1220 3977 Q2
