2502 4192
167 272 354 324 LIBER
373 272 643 334 Samma]
697 265 1097 321 PRINCIPIA
1137 262 1763 319 MATHEMATICA.

854 460 976 495 ‚nam
1004 455 1157 494 tempus
1175 458 1210 491 a,

172 553 250 590 quo
261 539 366 588 prius
377 536 618 575 intervallum
632 547 673 571 m
685 547 707 571 a
718 534 1000 571 describebatur
1011 531 1210 569 velocitate

172 606 211 631 m
232 593 343 631 debet
357 604 438 629 esse
452 590 501 628 ad
517 589 617 626 istud
633 596 784 636 tempus
797 585 939 624 directe
954 593 997 623 ut
1010 584 1209 622 intervalla

809 646 846 677 5.
850 644 898 678 57
914 653 953 676 m

958 655 985 731 >
1005 677 1043 709 et
1061 669 1208 708 inverse

171 679 604 728 maetmax(l—-
622 674 784 722 5724!

169 771 215 802 ut
233 764 447 802 velocitates
465 775 505 799 m
525 769 563 799 et
581 774 619 797 n.
680 717 891 808 Denique,S
896 759 1130 807 subtangens
1148 755 1205 792 lo..

170 817 408 868 garithmicae
448 828 533 867 quae
572 812 844 862 designabatur
878 822 946 858 per
981 823 999 847 s
1034 809 1076 846 in
1112 821 1204 846 casu

169 903 304 953 priore,
325 910 380 941 est
400 903 438 939 in
457 902 530 939 isto
553 879 641 968 Ῑ-Ῐὲ-δ,
661 896 751 935 cum
770 896 873 933 enim
901 894 1076 945 designet
1100 894 1203 933 velo-

170 989 322 1028 citatem
343 986 584 1025 uniformiter
599 982 767 1034 genitam
784 983 831 1018 ab
847 981 1013 1025 elaterio,
1033 987 1205 1031 tempore

168 1055 247 1092 quo
284 1040 525 1079 intervallum
565 1035 838 1085 particularum
875 1033 1111 1080 describitur,
1150 1042 1207 1072 est

170 1094 312 1133 directe
329 1102 372 1131 ut
389 1094 445 1129 vis
463 1090 615 1129 elastiea
633 1097 671 1126 et
691 1096 733 1125 ut
751 1094 916 1136 tempus,
936 1088 1098 1124 habetur
1112 1099 1205 1138 ergo

170 1150 252 1185 haec
271 1145 474 1196 proportio,
493 1152 548 1181 est

169 1465 214 1496 ut
233 1471 250 1494 s
268 1459 317 1496 ad
330 1480 420 1494 —-.

175 1226 417 1284 ...m
410 1203 546 1236 ⁵·
471 1196 780 1405 ξδέηᾶέ

480 1383 504 1408 a
713 1354 776 1361 —
740 1312 901 1384 “DU-

226 1543 275 1581 In
295 1544 462 1581 seriebus
488 1552 582 1592 ergo
609 1550 725 1628 supmra
742 1536 906 1575 inventis
922 1535 1009 1574 loco
1025 1547 1067 1571 m
1085 1547 1205 1583 pona.

1001 1593 1039 1625 5.
1046 1591 1096 1626 57
1068 1600 1204 1690 S)m
1194 1649 1205 1667 ²

1047 1300 1185 1335 5.1n57

329 1437 407 1461 ms

169 1637 233 1667 tur
247 1641 293 1670 ης
313 1628 560 1676 locoaponat
562 1605 857 1694 ur—x(l-—.
863 1621 996 1671 5724!

170 1747 256 1784 loco
274 1760 292 1784 s
310 1752 478 1795 ponatur
494 1723 632 1813 st’
613 1750 652 1780 et
677 1750 831 1789 tempus
857 1752 934 1789 quo
953 1744 1143 1787 punctum
1174 1736 1209 1774 Β

171 1832 403 1869 celeritatem
432 1843 459 1867 n
486 1828 660 1879 acquirit,
688 1827 904 1864 invenietur
925 1821 1210 1875 (substituendo

785 1886 821 1916 5.
830 1884 877 1917 57
854 1890 970 1979 sm>

172 1919 242 1954 lios
260 1916 434 1955 valores
424 1928 463 1953 m
482 1914 648 1953 formula
667 1928 690 1952 a
711 1915 762 1964 ιχ]

582 2003 726 2037 5.57m
854 1955 1073 2062 S·'3.5'7n=

172 2015 249 2039 am
1084 2004 1161 2029 am

173 2058 245 2065 -
265 2040 305 2080 χ
327 2036 436 2086 (1-.
443 2011 865 2100 5724J—‘-¹3)><v
1108 2071 1136 2095 n
1083 2029 1207 2071 —-><

927 2137 954 2162 n

176 2072 1209 2286 (1-·572V3'57m)><4l5'{;¹nnsm=8><

177 2306 744 2392 (1-.5724JQ)><
769 2298 1012 2396 Vasvm·

731 2446 886 2481 3.57m

233 2473 405 2527 Idedque
432 2484 584 2526 tempus
610 2489 633 2514 a
654 2475 706 2527 4!
905 2487 982 2525 quo
1009 2475 1051 2513 in
1068 2487 1209 2525 praece-

177 2561 281 2599 denti
302 2575 391 2600 casu
410 2569 599 2611 punctum
621 2562 656 2599 B
676 2561 892 2614 acquirebat
905 2561 1137 2600 celeritatem
1154 2574 1208 2608 m,

177 2623 236 2653 est
252 2614 301 2652 ad
319 2624 471 2667 tempus
489 2628 565 2668 quo
585 2616 623 2653 in
642 2617 713 2654 hoc
732 2629 821 2654 casu
850 2614 1012 2665 acquirit
1038 2615 1208 2653 celerita-

177 2708 254 2740 tem
284 2715 323 2749 n,
352 2710 397 2740 ut
428 2707 443 2740 1
475 2701 524 2740 ad
547 2706 563 2741 1
585 2724 637 2732 —-
658 2704 749 2740 .572
770 2704 822 2752 «β
845 2672 940 2706 5⁸57
961 2680 1013 2746 m,
1043 2700 1110 2738 sed
1127 2700 1210 2738 haec

915 2748 934 2771 5

178 2787 285 2831 ratio,
306 2788 489 2825 existente
507 2799 545 2824 m
565 2787 777 2836 quantitate
794 2786 957 2826 minima
975 2794 1020 2825 ut
1037 2784 1210 2834 supposi-

178 2840 232 2890 tio
250 2840 335 2885 fert,
354 2849 410 2878 est
425 2838 507 2877 l'ere
525 2840 761 2889 aequalitatis.
821 2841 952 2885 Quare
963 2852 1062 2877 nova
1079 2837 1211 2876 celeri-

179 2900 248 2935 tas,
270 2895 348 2931 sive
366 2906 542 2930 excessus
568 2905 677 2930 novae
704 2892 904 2931 celeritatis
930 2905 1045 2942 supra
1070 2904 1211 2940 praece-

179 2945 345 2991 dentem,
382 2945 655 2996 propagabitur
686 2945 736 2983 ad
767 2955 956 2993 punctum
991 2945 1211 2994 proximum

179 2998 297 3035 medii
334 2998 475 3037 elastici
513 2997 649 3035 eodem
683 2999 866 3048 temporis
902 2997 1103 3036 intervallo
1133 3010 1211 3047 quo

179 3051 397 3099 praecedens
415 3051 615 3089 celeritatis
632 3050 773 3101 gradus
784 3051 825 3088 in
839 3065 885 3090 eo
899 3059 1043 3101 puncto
1058 3051 1212 3102 genitus

178 3103 318 3150 fuerat,
334 3102 498 3154 ideoque
512 3104 628 3141 etiam
639 3104 689 3141 ad
701 3111 846 3152 puncta
858 3104 1067 3143 successiva
1076 3104 1212 3141 iisdem

180 3157 417 3205 temporibus
434 3156 640 3205 perveniet.

234 3231 297 3264 21.
343 3227 384 3265 Si
409 3220 477 3277 per
505 3227 640 3264 datum
668 3226 824 3278 aliquod
858 3235 1012 3289 tempus
1042 3228 1211 3277 primum

180 3287 372 3328 punctum
391 3280 427 3317 A
447 3279 564 3317 medii
585 3279 728 3318 elastici
745 3282 934 3320 constanti
961 3281 1152 3319 celeritate
1171 3294 1211 3318 m

179 3332 297 3370 fuerit
321 3340 485 3377 motum,
513 3340 643 3380 postea
668 3342 853 3384 urgeatur
871 3334 1004 3385 majori
1023 3334 1213 3372 celeritate

180 3397 222 3422 m
242 3386 295 3437 -4-
316 3397 342 3422 n
361 3385 522 3422 durante
541 3384 679 3434 aequali
696 3392 878 3435 ternpore,
900 3400 1033 3425 omnes
1045 3387 1212 3435 particu-

180 3437 231 3475 1ae
248 3451 334 3488 quae
350 3437 512 3486 primam
524 3437 754 3475 celeritatem
768 3452 809 3476 m
820 3447 1075 3488 susceperant,
1095 3440 1214 3478 altero

179 3490 254 3528 isto
280 3498 451 3538 tempore
477 3490 706 3528 celeritatem
734 3503 874 3530 novam
904 3505 946 3529 m
965 3494 1018 3544 -Ι-
1039 3505 1067 3529 n
1093 3493 1212 3530 susci-

181 3543 302 3591 pient,
339 3552 378 3580 et
413 3543 556 3580 interea
587 3543 746 3580 totidem
785 3545 981 3593 particulae
1017 3545 1216 3583 ulteriores

181 3596 347 3643 priorem
365 3595 595 3633 celeritatem
610 3609 650 3632 m
664 3596 850 3645 accipient
863 3612 874 3644 3
895 3610 984 3635 nam
999 3598 1213 3636 incremen-

181 3655 266 3685 tum
285 3648 485 3686 celeritatis
498 3662 524 3685 n
538 3648 587 3686 ad
606 3661 670 3686 eas
688 3660 821 3687 omnes
838 3650 1041 3699 particulas
1054 3664 1078 3688 a
1091 3649 1215 3699 prima

180 3701 383 3751 propagari
409 3710 533 3750 potest
559 3701 648 3738 dato
675 3709 858 3751 tempore,
887 3703 936 3740 ad
954 3716 1049 3752 quas
1066 3716 1112 3741 eo
1129 3704 1212 3752 ipso

181 3760 353 3802 tempore
382 3754 553 3792 celeritas
578 3767 618 3790 m
645 3764 853 3804 propagata
878 3755 1005 3793 fuerat
1033 3757 1212 3807 (hujusce

183 3806 267 3854 20).
327 3807 481 3844 Interea
509 3805 597 3844 verd
624 3806 867 3845 uniformiter
894 3817 1101 3859 propagata
1117 3810 1213 3846 fuis-

180 3866 237 3897 set
256 3858 433 3898 velocitas
450 3860 609 3910 pristina
627 3873 666 3897 m
685 3861 733 3899 ab
751 3860 897 3899 ultimis
915 3862 1110 3911 particulis
1127 3875 1215 3913 quae

2193 271 2296 318 283

1264 420 1349 446 eam
1368 414 1611 456 susceperant
1628 407 1677 444 ad
1695 405 1856 444 totidem
1874 405 2082 445 ulteriores.
2118 407 2156 445 Si
2169 406 2300 457 itaque

1265 461 1473 498 successive
1491 468 1576 509 post
1594 460 1754 509 aequalia
1767 468 1940 507 tempora
1954 460 2131 497 velocitas
2142 468 2298 506 crescat,

1263 513 1426 551 totidem
1461 513 1730 551 formabuntur
1764 512 1956 561 portiones
1991 512 2110 549 medii
2141 513 2296 558 elastici,

1263 566 1401 616 aequali
1420 579 1583 603 numero
1611 565 1778 613 partium
1796 572 2021 611 constanteS‚
2042 578 2129 614 quae
2147 578 2298 603 succes-

1262 619 1361 656 sivas
1387 618 1472 656 illas
1500 619 1709 656 celeritates
1735 619 1940 663 habebunt,
1973 620 2096 666 portio
2122 619 2297 667 proxima

1261 679 1409 721 puncto
1432 674 1469 709 A
1489 671 1666 709 ultimam
1685 671 1916 709 celeritatem
1935 671 2099 718 habebit,
2127 671 2298 709 secunda

1262 725 1531 774 penultimam,
1552 732 1591 762 et
1608 725 1661 761 sic
1679 724 1870 773 deinceps.

1317 782 1381 815 22.
1417 779 1538 823 Hinc,
1560 778 1591 814 si
1609 776 1782 814 medium
1801 777 2000 815 elasticum
2018 784 2201 828 urgeatur
2227 790 2296 826 per

1260 831 1492 869 successivos
1528 831 1737 868 velocitatis
1772 830 1926 881 gradus,
1965 831 2133 881 imprimi
2169 839 2294 879 potest

1261 884 1344 934 ejus
1361 885 1532 932 partibus
1551 883 1728 921 velocitas
1746 884 1834 921 satis
1847 896 1990 933 magna
2008 891 2052 921 ut
2070 884 2297 922 sensibiliter

1260 937 1304 974 in
1321 950 1432 974 aures
1450 946 1539 987 agat
1556 950 1626 974 nec
1645 944 1773 974 tamen
1792 937 1977 974 excitetur
1996 937 2035 973 in
2055 937 2171 974 medii
2199 937 2297 974 elas-

1261 990 1325 1028 tici
1338 989 1506 1037 partibus
1523 989 1709 1027 sensibilis
1721 1003 1764 1027 ea
1776 990 1933 1027 vibratio
1947 1002 2033 1038 quae
2044 991 2155 1040 juxta
2170 1002 2207 1027 n.
2230 995 2289 1028 11.

1260 1051 1477 1081 nasceretur
1490 1042 1520 1079 si
1535 1042 1651 1079 simul
1664 1049 1702 1079 et
1715 1042 1831 1079 semel
1845 1050 1925 1080 tota
1942 1043 2009 1080 illa
2027 1042 2203 1080 velocitas
2222 1043 2295 1092 ipsi

1260 1096 1543 1144 imprimeretur
1554 1111 1565 1142 ;
1596 1102 1633 1132 et
1651 1095 1739 1132 hinc
1758 1095 1986 1145 intelligitur
2004 1094 2217 1133 differentia
2234 1097 2295 1133 in-

1260 1156 1318 1186 ter
1337 1150 1463 1186 a’erem
1482 1161 1619 1186 sonum
1635 1156 1893 1198 generantem,
1914 1149 2039 1185 acrem
2054 1161 2193 1185 sonum
2207 1161 2297 1197 pro-

1259 1209 1477 1252 pagantem,
1498 1209 1535 1239 et
1549 1202 1672 1238 a‘e‘rem
1689 1210 1845 1238 ventum
1862 1201 2094 1238 deferentem
2108 1216 2119 1248 ;
2140 1202 2171 1238 si
2185 1215 2295 1252 mag-

1261 1268 1312 1292 na
1330 1255 1509 1292 velocitas
1528 1254 1723 1302 particulae
1749 1254 1869 1291 a'e'reae
1895 1255 2149 1302 imprimatur,
2178 1256 2296 1303 parti-

1264 1307 1354 1345 cula
1372 1307 1443 1356 ipsi
1462 1307 1635 1355 proxima
1652 1315 1835 1344 tremores
1853 1307 2019 1356 suscipit,
2040 1307 2159 1357 fitque
2171 1321 2294 1356 punc-

1262 1367 1347 1398 tum
1367 1373 1573 1407 sonorum3
1605 1359 1635 1397 si
1654 1360 1832 1397 velocitas
1849 1361 1976 1397 minor
1994 1361 2179 1397 excitetur
2205 1374 2294 1411 quae

1263 1420 1439 1451 constans
1470 1420 1623 1451 maneat
1651 1425 1721 1450 nec
1752 1426 1819 1462 per
1846 1413 1989 1463 gradus
2017 1421 2205 1464 augeatur
2230 1415 2297 1451 a'et

1262 1466 1505 1503 uniformiter
1531 1466 1756 1504 transfertur
1783 1474 1820 1504 et
1838 1467 1882 1503 fit
1907 1474 2044 1503 ventus
2058 1481 2069 1512 ;
2101 1466 2167 1503 sed
2187 1466 2218 1502 si
2245 1469 2294 1504 ab

1260 1517 1402 1569 exigua
1432 1520 1630 1556 velocitate
1655 1518 1705 1556 ad
1729 1532 1911 1569 magnam
1940 1527 2169 1569 assurgatur,
2199 1520 2297 1557 aeris

1260 1572 1457 1621 particulae
1489 1572 1717 1609 successivos
1744 1571 1832 1609 illos
1858 1571 2000 1621 gradus
2027 1572 2228 1620 recipiunt,
2257 1579 2297 1610 et

1261 1626 1352 1675 quia
1369 1624 1521 1673 singula
1548 1624 1725 1667 velocitas
1744 1634 1898 1672 accepta
1916 1632 1972 1661 est
1991 1626 2131 1674 exigua
2150 1633 2293 1663 tremo-

1261 1690 1322 1714 res
1340 1677 1535 1714 sensibiles
1553 1689 1632 1714 non
1660 1678 1872 1714 excitantur
1890 1677 1929 1713 in
1948 1678 2145 1725 particulis
2163 1678 2294 1725 a‘e'reis,

1261 1743 1348 1780 quae
1374 1729 1612 1768 velocitatem
1639 1729 1747 1767 illam
1774 1742 1955 1780 magnam
1983 1730 2230 1778 suscipientes
2257 1739 2297 1769 et

1262 1783 1312 1821 ad
1324 1795 1456 1820 aurem
1471 1782 1682 1820 deferentes
1696 1784 1948 1820 sensationem
1962 1782 2046 1819 soni
2060 1782 2291 1830 producunt.

1317 1841 1378 1873 25.
1415 1836 1454 1873 Si
1473 1843 1601 1873 autem
1623 1836 1802 1874 velocitas
1820 1849 1920 1873 nova
1937 1836 2063 1872 minor
2081 1836 2130 1872 sit
2157 1836 2298 1874 veloci-

1264 1896 1340 1927 tate
1369 1889 1622 1937 praecedente,
1660 1888 1794 1927 eodem
1826 1888 1943 1925 modo
1972 1889 2160 1925 constabit
2190 1889 2296 1939 quod

1263 1942 1550 1979 decrementum
1568 1941 1666 1979 illud
1684 1941 1892 1979 velocitatis
1911 1940 2046 1978 eodem
2060 1950 2232 1989 tempore
2245 1942 2296 1980 ad

1263 1994 1481 2043 proximum
1500 2002 1687 2043 punctum
1706 1995 1878 2032 transibit
1895 2007 1973 2044 quo
1991 1994 2209 2042 praecedens
2231 2008 2295 2032 ve-

1264 2048 1426 2085 locitatis
1455 2048 1598 2098 gradus
1625 2049 1673 2086 ab
1699 2059 1745 2084 eo
1776 2047 1984 2097 acquisitus
2010 2046 2147 2093 fuerat,
2182 2055 2220 2085 et
2245 2047 2297 2086 ad

1263 2101 1472 2138 successiva
1490 2108 1633 2149 puncta
1651 2100 1785 2138 iisdem
1805 2101 1921 2137 etiam
1947 2101 2184 2148 temporibus
2210 2113 2296 2149 per-

1264 2154 1389 2191 veniet
1407 2155 1546 2203 quibus
1564 2154 1729 2202 priorem
1747 2153 1978 2191 celeritatem
2006 2152 2294 2202 acquisiverant,

1266 2206 1344 2244 imo
1362 2206 1502 2244 solutio
1529 2219 1596 2255 per
1622 2206 1944 2244 constructionem
1965 2206 2218 2244 Problematis
2236 2207 2297 2256 ip-

1264 2259 1344 2296 sius
1378 2259 1565 2308 producta
1598 2259 1865 2311 logarithmica
1896 2259 1999 2296 ultra
2033 2267 2221 2307 punctum
2262 2260 2296 2298 F

1263 2313 1382 2363 quaeri
1400 2320 1534 2362 potest,
1555 2314 1765 2374 eademque
1783 2312 2058 2350 obtinebuntur
2075 2325 2119 2349 ac
2137 2313 2254 2360 prius.

1318 2370 1380 2404 24.
1416 2367 1568 2410 Quibus
1585 2367 1682 2415 posi
1669 2367 1717 2404 is
1734 2365 1969 2416 intelligitur'
1987 2365 2145 2402 effectus
2171 2366 2295 2404 vibra-

1264 2419 1378 2456 tionis
1396 2419 1501 2457 fibrae
1519 2419 1627 2457 flexae
1645 2427 1683 2457 et
1701 2418 1923 2457 redeuntis
1912 2431 1952 2455 m
1971 2418 2108 2455 a‘elrem.
2137 2421 2297 2458 ‚Primus

1267 2477 1395 2512 Casus.
1433 2473 1642 2510 Dividatur
1667 2481 1820 2520 tempus
1847 2473 1929 2522 ejus
1947 2470 2148 2508 redituum
2167 2480 2294 2519 partes

1263 2526 1428 2576 aequales
1446 2538 1561 2575 quam
1579 2526 1771 2569 minimas,
1792 2532 1830 2562 et
1848 2527 2010 2562 durante
2029 2523 2183 2573 singula
2197 2532 2295 2562 tem-

1263 2578 1364 2627 poris
1399 2587 1518 2627 parte,
1546 2578 1653 2615 fibrae
1687 2578 1865 2615 velocitas
1900 2576 2105 2614 uniformis
2139 2590 2296 2615 manere

1262 2639 1469 2669 censeatur.
1527 2631 1659 2669 Prima
1684 2631 1878 2676 velocitas,
1905 2630 1955 2667 ad
1981 2637 2128 2667 certum
2156 2643 2294 2668 nume-

1262 2697 1350 2722 rum
1376 2684 1543 2733 partium
1570 2684 1660 2721 dato
1677 2696 1724 2721 eo
1748 2692 1919 2731 tempore
1947 2683 2295 2721 communicabitur

1262 2738 1330 2787 qui
1349 2739 1514 2786 partium
1533 2749 1717 2775 numerus
1735 2737 1883 2774 dicatur
1905 2736 1970 2780 N;
1998 2735 2118 2773 altero
2135 2736 2296 2775 instanti

1263 2790 1429 2828 secunda
1446 2790 1624 2828 velocitas
1637 2790 1762 2827 eidem
1776 2789 1941 2838 partium
1957 2801 2118 2826 numero
2135 2789 2176 2827 N
2191 2801 2298 2826 com.

1263 2843 1521 2881 municabitur
1556 2843 1651 2881 dum
1686 2843 1810 2891 prima
1838 2842 2016 2880 velocitas
2045 2841 2095 2879 ad
2130 2841 2294 2879 totidem

1267 2896 1471 2946 particulas
1489 2897 1687 2934 ulteriores
1708 2896 1746 2933 N
1767 2895 1972 2944 perveniet,
2000 2894 2112 2933 tertio
2138 2895 2297 2932 instanti

1265 2949 1412 2998 primus
1429 2950 1596 2999 partium
1615 2962 1799 2986 numerus
1821 2949 1860 2986 N
1879 2949 2028 2986 tertiam
2057 2947 2297 2985 velocitatem

1264 3003 1429 3048 habebit,
1453 3003 1611 3040 ulterior
1629 3014 1816 3039 numerus
1835 3001 1875 3038 N
1894 3000 2103 3039 secundam
2117 3000 2296 3039 velocita-

1264 3064 1354 3099 tem,
1388 3068 1574 3093 numerus
1593 3056 1632 3093 N
1652 3055 1778 3092 adhuc
1806 3053 1964 3091 ulterior
1990 3054 2177 3103 primam;
2205 3053 2296 3091 hinc

1265 3121 1358 3158 ergo
1385 3109 1417 3145 si
1446 3108 1542 3146 fibra
1573 3108 1771 3146 dimidiam
1802 3107 2053 3145 vibrationem
2078 3106 2293 3151 absolverit,

1265 3162 1338 3199 hoc
1356 3168 1412 3199 est
1428 3162 1530 3199 ultra
1555 3168 1695 3198 statum
1715 3172 1830 3197 suum
1848 3160 2062 3198 naturalem
2088 3159 2299 3197 discesserit

1263 3222 1452 3264 quantum
1466 3222 1601 3263 potest,
1621 3221 1735 3251 erunt
1747 3213 1788 3249 in
1801 3214 1887 3250 a‘e're
1900 3213 2061 3251 totidem
2075 3213 2297 3250 successivae

1264 3268 1467 3316 portioneS,
1483 3280 1570 3317 quae
1580 3266 1786 3315 particulas
1800 3278 1962 3304 numero
1975 3267 2015 3304 N
2029 3266 2294 3310 continebunt,

1265 3328 1362 3370 quot
1379 3319 1599 3358 successivae
1617 3319 1833 3357 velocitates
1850 3326 1963 3357 erunt
1981 3320 2131 3370 genitae,
2154 3326 2193 3356 et
2210 3330 2297 3367 par-

1264 3373 1395 3411 ticulae
1425 3373 1688 3410 remotissimae
1718 3385 1742 3410 a
1772 3370 1869 3417 fibra
1898 3373 2067 3421 primum
2095 3371 2298 3410 celeritatis

1266 3426 1430 3477 gradum
1448 3427 1653 3469 habebunt,
1673 3426 1859 3474 proximae
1876 3425 1979 3463 fibrae
1995 3425 2191 3468 ultimum,
2210 3436 2294 3461 me-

1266 3479 1341 3516 diae
1358 3477 1448 3516 vero
1464 3478 1649 3524 medium,
1669 3478 1736 3528 qui
1754 3479 1947 3516 maximus
1964 3486 2043 3523 est3
2072 3477 2296 3515 diminutio-

1267 3544 1335 3569 nes
1352 3531 1638 3570 intervallorum
1665 3532 2014 3580 correspondebunt
2031 3530 2107 3567 illis
2124 3529 2296 3567 celerita-

1267 3590 1352 3622 tum
1371 3585 1563 3634 gradibuS,
1592 3593 1637 3622 ut
1654 3584 1731 3622 sint
1756 3584 1928 3621 minimae
1946 3592 2025 3621 tam
2044 3584 2084 3620 in
2102 3582 2297 3632 particulis

1267 3650 1291 3675 a
1327 3635 1421 3674 fibra
1455 3637 1726 3683 remotissimis,
1763 3650 1881 3688 quam
1915 3636 1957 3673 in
1992 3634 2188 3685 particulis
2225 3635 2298 3684 ipsi

1267 3690 1461 3738 proximis,
1482 3690 1661 3728 maximae
1679 3690 1720 3727 in
1736 3689 1884 3728 mediis.

1325 3756 1581 3807 Regrediente
1600 3757 1707 3803 fibra,
1735 3757 1868 3795 eadem
1896 3755 2056 3793 omnino
2081 3755 2142 3792 lex
2171 3756 2299 3793 obser-

1266 3811 1427 3854 vabitur,
1464 3810 1537 3846 nisi
1566 3811 1671 3860 quod
1702 3819 1826 3859 partes
1857 3810 1952 3846 a'e'ris
1982 3806 2088 3846 fibra‘
2115 3808 2300 3855 proximae

1266 3862 1369 3902 retro
1380 3865 1635 3902 movebuntur
1648 3871 1687 3902 et
1699 3862 1996 3912 compressiones
2010 3861 2051 3899 in
2062 3861 2301 3900 dilatationes
