2502 4192
159 278 637 341 L1BERSECUND.]
693 276 1096 330 PRINCIPIA
1137 275 1753 330 MATHEMATICA.

2204 285 2304 335 173

158 435 372 472 arcuum
410 409 696 469 oscillando
732 419 1128 487 descriptorum,
1180 418 1236 469 in
1273 417 1466 470 circulo
1501 417 1624 469 vero
1662 427 1720 468 ut
1756 416 2045 469 semissium
2088 437 2302 470 arcuum

153 508 363 559 illorum
389 505 601 558 chordae
616 525 630 569 3
669 507 888 577 ideoque
926 507 1138 576 paribus
1176 508 1397 560 arcubus
1423 509 1643 577 majores
1669 508 1772 560 sint
1794 508 1849 558 in
1874 507 2106 577 cycloide
2143 527 2299 578 quam

152 598 207 648 in
232 595 441 659 circulo,
470 595 524 646 in
550 597 749 648 ratione
774 596 1060 648 semissium
1079 615 1292 648 arcuum
1313 597 1379 648 ad
1399 597 1684 649 eorundem
1710 597 1930 649 chordas
1943 616 1958 659 3
1987 596 2040 665 (¹)
2062 607 2297 665 tempora

149 740 338 791 aequalem
359 739 395 778 T
416 739 452 778 B
477 740 516 778 R
537 741 622 792 (per
640 739 847 777 demonstr.
872 739 988 787 Prop.
1008 737 1082 776 LI.
1102 737 1189 777 Lib.
1248 752 1380 778 arcum
1402 740 1437 778 L
1461 740 1510 787 B,
1542 740 1659 791 fitque
1677 741 1701 778 b
1720 748 1872 789 tempus
1890 746 2023 777 datum
2050 751 2128 790 quo
2154 751 2293 788 corpus

151 794 183 831 Ι.
195 795 223 843 ).

287 794 431 839 Quare,
461 805 507 831 ex
536 805 662 843 aequo,
690 793 869 830 velocitas
895 793 1065 830 maxima
1088 793 1131 829 in
1155 794 1192 830 R
1247 793 1389 830 labitur
1413 806 1483 842 per
1509 793 1742 832 diametrum
1773 795 1807 831 A
1834 795 1883 839 B,
1917 800 1955 830 et
1986 806 2066 843 quo
2090 793 2291 831 velocitate

148 846 334 885 descensu
352 859 421 895 per
438 859 572 884 arcum
590 846 813 884 circularem
837 846 873 883 T
893 846 926 883 B
951 846 990 883 R
1008 845 1192 896 acquisita
1245 859 1313 895 per
1331 859 1422 883 eum
1441 846 1592 895 lapsum
1610 846 1653 883 in
1676 848 1711 884 Β
1730 844 1916 896 acquisita
1934 854 2061 895 posset
2078 846 2289 884 describere

146 908 203 937 est
229 900 277 937 ad
304 900 545 938 velocitatem
565 898 773 937 maximam
791 898 832 935 in
856 899 893 936 R
911 898 1096 936 descensu
1124 909 1191 947 per
1244 899 1487 937 uniformiter
1514 899 1680 948 duplum
1710 901 1749 938 A
1773 901 1808 938 B
1829 900 1906 937 sive
1926 905 1950 937 2
1973 901 2010 937 A
2034 900 2084 946 B,
2113 908 2289 937 sumatur

146 953 327 1002 cycloidis
358 965 492 992 arcum
519 960 538 991 t
565 953 600 991 B
632 952 672 990 R
702 951 938 1002 acquisitam,
972 960 1017 989 ut
1048 951 1188 990 chorda

149 1006 188 1043 R
210 1007 245 1044 T
263 1005 312 1044 ad
330 1019 461 1045 arcum
480 1013 498 1044 t
518 1005 553 1044 B
578 1004 617 1043 R
634 1005 695 1042 vel
717 1005 753 1043 T
775 1005 811 1043 B
835 1005 885 1042 R.
939 1004 1038 1042 Sunt
1055 1013 1187 1043 autem

142 1058 361 1096 velocitates
378 1059 557 1097 maximae
575 1057 616 1095 in
636 1058 765 1096 medio
783 1058 978 1095 resistente
1008 1057 1182 1096 velocita-

141 1111 244 1150 tibus
262 1112 440 1149 maximis
458 1111 500 1148 in
518 1111 647 1149 medio
665 1123 745 1149 non
762 1111 957 1149 resistente
972 1111 1183 1160 proportio-

141 1164 247 1204 nales
260 1164 378 1216 quam
390 1164 572 1214 proxime,
595 1172 632 1202 et
648 1164 692 1202 in
709 1173 855 1214 puncto
873 1164 1000 1202 medio
1019 1177 1181 1213 arcuum

140 1218 207 1268 qui
234 1218 471 1256 oscillatione
498 1216 650 1269 integra
676 1218 957 1263 describuntur,
987 1215 1067 1255 fere
1086 1227 1187 1255 con-·

142 1272 300 1321 tingunt
312 1272 440 1321 (180),
468 1271 633 1309 Paribus
644 1271 764 1322 igitur
775 1272 950 1317 arcubus,
964 1270 1181 1309 velocitates

139 1324 320 1362 maximae
338 1324 379 1362 in
397 1324 569 1375 cycloide
587 1332 678 1363 sunt
696 1324 746 1362 ad
757 1324 973 1363 velocitates
990 1325 1178 1362 maximas

141 1377 181 1414 in
197 1378 353 1424 circulo,
370 1386 415 1415 ut
427 1378 602 1416 semisses
614 1390 777 1416 arcuum
790 1376 1002 1415 oscillando
1012 1376 1179 1426 descrip-

138 1438 267 1468 torum
284 1430 335 1469 ad
353 1430 578 1469 eorumdem
604 1443 768 1469 arcuum
795 1430 1041 1468 circularium
1068 1432 1175 1469 chor.

136 1483 217 1528 das,
249 1496 367 1534 quam
399 1483 597 1533 proxime3
633 1491 673 1522 et
697 1482 799 1530 ideo,
832 1484 988 1533 paribus
1013 1485 1179 1522 arcubus

134 1537 298 1588 majores
324 1544 414 1574 sunt
432 1536 473 1573 in
500 1535 672 1585 cycloide
700 1535 818 1586 quam
835 1537 878 1573 in
896 1536 1041 1574 circulo
1058 1537 1099 1573 in
1117 1550 1177 1574 ra-

134 1589 238 1626 tione
269 1589 484 1627 semissium
510 1600 672 1628 arcuum
690 1589 741 1628 ad
758 1589 983 1628 eorumdem
1016 1589 1177 1628 chordas

132 1642 174 1679 in
193 1642 338 1681 circulo
355 1642 502 1681 ductas.

187 1695 237 1748 (¹)
260 1699 282 1720 ⁹¹²
310 1698 497 1745 Tempora
524 1703 652 1735 autem
669 1698 713 1735 in
731 1698 875 1735 circulo
902 1704 997 1736 sunt
1026 1697 1174 1746 majora

131 1763 250 1799 qnam
269 1751 311 1788 in
330 1751 494 1800 cycloide
512 1750 556 1788 in
573 1752 770 1789 velocitatis
789 1751 936 1790 ratione
963 1749 1168 1799 reciprocei-

133 1805 154 1826 *
179 1802 228 1840 Id
247 1810 315 1848 est,
343 1810 516 1851 tempora
542 1802 584 1840 in
610 1802 757 1841 circulo
775 1810 867 1841 sunt
885 1803 934 1841 ad
953 1811 1106 1852 tempus
1133 1803 1174 1840 in

130 1867 220 1893 arcu
251 1856 384 1906 quovis
411 1856 603 1905 cycloidis,
637 1862 683 1894 ut
709 1856 875 1893 semissis
900 1868 1012 1894 arcus
1038 1856 1173 1894 circuli

129 1909 339 1947 oscillando
354 1909 532 1957 descripti
552 1910 601 1947 ad
614 1909 788 1959 ejusdem
800 1909 964 1947 semissis
976 1910 1169 1955 chordam,

129 1963 207 2000 sive
234 1962 459 2000 invertendo
475 1970 515 2000 et
533 1970 752 2011 temporum
780 1962 939 2000 dimidia
968 1963 1170 2009 sumendo,

127 2022 280 2064 tempus
304 2015 666 2053 semi-oscillationis
684 2015 725 2053 in
743 2016 913 2065 cycloide
931 2023 988 2053 est
1005 2016 1054 2053 ad
1073 2024 1170 2054 tem-

125 2081 200 2117 pus
219 2068 581 2107 semi-oscillationis
607 2069 648 2105 in
677 2068 821 2106 circulo
856 2068 1052 2121 (pendulis
1070 2069 1169 2106 exis-

125 2122 294 2159 tentibus
322 2122 496 2173 ejusdem
514 2121 786 2172 longitudinis)
816 2131 862 2159 ut
889 2122 1033 2160 chorda
1059 2135 1169 2160 arcus

124 2174 300 2223 descripti
321 2176 371 2213 ad
388 2176 517 2224 ipsum
536 2188 682 2223 arcum,
702 2187 789 2226 quae
802 2174 959 2226 quidem
970 2175 1166 2225 proportio

122 2226 296 2277 proxime
312 2229 467 2267 tantum
485 2228 643 2267 obtinet.
702 2276 707 2278 Α

177 2285 199 2306 *
223 2282 298 2319 Est
323 2282 428 2320 enim
455 2289 608 2330 tempus
634 2276 882 2320 oscillationis
909 2282 1069 2332 integrae
1095 2295 1163 2321 cu-

115 2334 239 2384 jusvis
256 2335 298 2373 in
318 2334 490 2384 cycloide
502 2335 552 2372 ad
570 2342 724 2384 tempus
742 2334 945 2373 descensus
964 2348 1031 2383 per
1049 2336 1162 2373 dimi-

120 2387 225 2425 diam
242 2389 403 2437 penduli
421 2387 706 2439 longitudinem
718 2395 763 2426 ut
776 2388 1103 2436 semi-peripheria
1113 2390 1162 2427 ad

118 2441 271 2479 radium
300 2441 406 2494 (vide
423 2449 503 2479 not.
522 2445 613 2481 470.
637 2440 686 2480 ad
718 2442 833 2490 Prop.
857 2441 959 2479 LII.
986 2441 1073 2479 Lib.
1101 2443 1159 2492 1.)

117 2493 283 2545 ideoque
316 2495 430 2533 etiam
456 2503 609 2544 tempus
640 2494 1001 2533 semi-osculationis
1026 2495 1067 2531 in
1096 2509 1157 2545 cy-

120 2547 244 2585 cloide
271 2548 319 2586 ad
347 2556 500 2596 tempus
528 2548 626 2585 illud
653 2546 856 2586 descensus
873 2560 941 2596 per
959 2547 1160 2586 dimidiam

117 2600 279 2649 penduli
311 2601 596 2651 longitudinem
633 2608 678 2639 ut
712 2601 904 2651 quadrans
940 2601 1072 2639 circuli
1108 2603 1160 2640 ad

117 2653 284 2701 radium,
318 2654 386 2692 sed
412 2661 565 2702 tempus
590 2653 793 2692 descensus
811 2667 879 2703 per
896 2655 1159 2704 quadruplum

117 2704 295 2745 dimidiaev
312 2706 568 2758 longitudinis
594 2706 767 2757 penduli,
796 2707 875 2745 sive
901 2715 1054 2755 tempus
1072 2708 1157 2746 des.

116 2760 253 2798 census
282 2773 349 2810 per
377 2760 608 2798 diametrum
639 2760 772 2798 circuli
800 2760 911 2810 cujus
942 2760 1157 2808 pendulum

116 2820 173 2850 est
198 2813 339 2860 radius,
370 2821 426 2851 est
453 2812 618 2862 duplum
644 2812 826 2861 temporis
858 2813 1063 2851 descensus
1090 2827 1157 2862 per

115 2865 315 2903 dimidiam
332 2866 492 2915 penduli
507 2866 802 2916 longitudinem,
823 2864 988 2916 ide6que
1002 2874 1156 2915 tempus

114 2919 473 2957 semi-oscillationis
491 2918 532 2955 in
551 2918 723 2968 cycloide
750 2926 806 2958 est
825 2919 873 2957 ad
891 2927 1043 2968 tempus
1070 2920 1154 2958 des-

114 2971 252 3010 census
283 2985 350 3021 per
380 2972 613 3010 diametrum
644 2972 776 3010 circuli
808 2973 919 3024 cujus
950 2972 1154 3024 longitudo

113 3025 273 3073 penduli
291 3034 347 3064 est
365 3025 506 3071 radius,
527 3032 572 3063 ut
590 3025 723 3063 circuli
736 3025 929 3076 quadrans
943 3026 992 3063 ad
1007 3027 1152 3064 diame-

113 3085 228 3116 trum.
277 3079 363 3125 Sed,
380 3079 477 3116 ratio
495 3078 677 3127 temperis
694 3078 822 3127 lapsus
840 3092 908 3129 per
922 3079 1152 3118 diametrum

113 3131 245 3169 circuli
263 3132 312 3170 ad
330 3140 482 3180 tempus
501 3132 862 3170 semi-oscillationis
880 3133 921 3169 in
939 3145 1031 3170 arcu
1050 3133 1152 3183 ejus-

111 3183 200 3221 dem
218 3184 351 3223 circuli
370 3193 427 3222 est
454 3187 517 3237 (ut
543 3197 634 3222 mox
659 3184 834 3236 liquebit)
869 3185 1078 3235 composita
1104 3199 1151 3225 ex

109 3237 258 3285 ratione
276 3238 450 3276 diametri
469 3238 518 3276 ad
536 3238 788 3289 quadrantem
802 3238 935 3277 circuli
949 3246 987 3276 et
999 3239 1151 3277 chordae

110 3289 159 3327 ad
186 3303 332 3337 arcum,
365 3290 479 3341 quam
509 3291 694 3339 proxime,
726 3291 832 3330 unde
863 3304 910 3330 ex
940 3305 1052 3342 aequo
1078 3293 1151 3331 erit

109 3350 262 3391 tempus
296 3345 339 3381 in
374 3343 545 3392 cycloide
579 3344 629 3382 ad
664 3352 817 3394 tempus
851 3345 895 3382 in
929 3345 1073 3384 circulo
1103 3353 1150 3385 ut

112 3397 256 3435 chorda
274 3396 407 3434 circuli
426 3396 474 3434 ad
493 3397 575 3446 ejus
593 3409 724 3434 arcum
742 3398 954 3436 oscillando
980 3398 1147 3448 descrip-

107 3454 206 3486 tum.
268 3450 475 3488 Rationem
494 3457 625 3487 autem
642 3451 825 3499 temporis
849 3451 1055 3490 descensus
1081 3465 1148 3502 per

107 3500 338 3541 diametrum
366 3502 499 3541 circuli
526 3502 576 3540 ad
606 3510 758 3552 tempus
786 3504 1148 3543 semi-oscillationis

106 3553 149 3591 in
168 3568 260 3594 arcu
277 3557 362 3607 ejus
380 3555 513 3594 circuli
540 3567 620 3592 esse
647 3557 898 3606 compositam
925 3571 974 3596 ex
1001 3558 1147 3597 ratione

106 3607 282 3646 diametri
313 3609 362 3647 ad
397 3609 651 3659 quadrantem
687 3609 821 3647 circuli
852 3618 890 3648 et
921 3623 970 3648 ex
1001 3610 1147 3649 ratione

106 3660 258 3698 chordas
276 3662 325 3699 ad
343 3675 474 3700 arcum
502 3661 712 3699 oscillando
739 3662 983 3711 descriptum,
1013 3664 1148 3703 saltem

105 3725 221 3763 quam
241 3714 425 3762 proxime,
447 3714 620 3765 sequenti
640 3715 788 3753 calculo
808 3718 1008 3755 constabit.

161 3767 380 3805 Descendat
415 3768 544 3818 itaque
585 3780 723 3816 corpus
758 3781 826 3817 per
862 3782 996 3807 arcum
1034 3770 1071 3808 L
1109 3771 1145 3809 B

105 3826 237 3858 centro
259 3820 290 3858 C
311 3820 543 3869 descriptum
562 3829 600 3858 et
619 3820 803 3859 diametro
825 3822 863 3860 A
881 3823 929 3868 B,
951 3823 999 3861 sit
1016 3830 1033 3860 t
1050 3830 1147 3862 tem-

106 3885 180 3922 pus
207 3873 413 3925 quaesitum
443 3886 522 3925 quo
553 3886 692 3923 corpus
728 3874 926 3914 descendit
960 3889 1029 3926 per
1055 3889 1145 3915 eum

1241 951 1284 989 in
1312 965 1405 990 arcu
1436 953 1473 990 L
1495 953 1531 990 B
1564 952 1820 1008 portiuncula
1841 952 1991 991 infinite
2022 965 2138 1001 parva
2168 953 2215 990 M
2245 966 2286 989 m

1240 1017 1358 1054 quam
1385 1017 1524 1053 corpus
1551 1005 1786 1043 descendens
1812 1006 2056 1043 uniformiter
2075 1006 2285 1044 describere

1238 1062 1442 1097 censeatur
1468 1066 1640 1107 tempore
1666 1056 1816 1096 infinite
1836 1058 1950 1107 parvo
1969 1059 1995 1096 d
2014 1066 2041 1103 t,
2074 1059 2285 1097 ducantur·

1237 1123 1313 1162 que
1340 1124 1387 1150 ex
1413 1112 1568 1162 punctis
1593 1112 1630 1151 L
1656 1120 1695 1152 et
1723 1112 1773 1153 M
1799 1111 1913 1151 lineae
1943 1112 1981 1151 L
2002 1112 2062 1160 H,
2095 1112 2144 1151 M
2178 1112 2213 1151 E
2240 1112 2283 1149 in

1219 2222 1450 2261 diametrum
1477 2221 1834 2273 perpendicularem
1862 2225 1953 2264 cum
1981 2235 2154 2277 tempora
2180 2230 2267 2281 qui-

1217 2277 1290 2313 bus
1308 2277 1428 2325 spatia
1446 2277 1534 2315 data
1553 2277 1796 2316 uniformiter
1823 2280 2091 2319 describuntur
2117 2283 2194 2322 sint
2221 2293 2265 2322 ut

1215 2328 1283 2366 illa
1310 2331 1432 2378 spatia
1458 2330 1601 2368 directe
1629 2339 1667 2369 et
1693 2332 1912 2370 velocitates
1938 2335 2079 2384 quibus
2107 2348 2263 2384 percur-

1215 2391 1356 2420 runtur
1374 2382 1531 2430 inverse,
1553 2385 1675 2434 sitque
1694 2385 1872 2423 velocitas
1899 2400 1986 2436 quae
2014 2389 2054 2425 in
2077 2389 2112 2426 B
2133 2392 2262 2440 acqui-

1216 2436 1288 2473 sita
1316 2444 1373 2474 est
1391 2450 1458 2485 per
1476 2437 1626 2485 lapsum
1647 2451 1692 2475 ex
1725 2439 1762 2477 A
1787 2440 1823 2477 B
1856 2439 1905 2477 ad
1937 2441 2175 2480 velocitatem
2195 2457 2262 2492 per

1214 2488 1367 2538 lapsum
1387 2502 1434 2528 ex
1455 2491 1492 2528 L
1511 2491 1552 2527 in
1574 2491 1636 2538 M,
1666 2493 1744 2529 sive
1762 2504 1810 2530 ex
1833 2493 1877 2531 H
1897 2493 1940 2530 in
1960 2494 1997 2532 E
2018 2497 2257 2545 acquisitam,

1213 2581 2040 2632 uthBadffHEffiritmdtz—
2071 2551 2216 2608 24}ss

1251 2672 1359 2710 Mm

2059 2605 2252 2676 μΑΒἶ

1412 2704 1601 2752 ;dicatur
1627 2707 1984 2758 ergoAB=13
2016 2710 2254 2761 HB=h‚

1213 2730 1397 2786 ,sn-E

1215 2790 1251 2827 B
1283 2790 1452 2837 E=X,
1486 2791 1523 2829 Ε
1556 2794 1765 2843 M=y3
1802 2794 1847 2832 H
1878 2795 2153 2835 E=h--x
2186 2799 2257 2837 erit

1209 2881 1506 2923 b2dt=22
1598 2847 1704 2884 Mm
1769 2889 2253 2932 ‚estautemMm=

1532 2924 1766 2972 «κὴ-Χ

1210 2975 1600 3040 ‚ww-{3372
1637 2995 1676 3025 et
1711 3002 1758 3026 ex
1795 2989 1932 3028 natura
1968 2992 2102 3030 circuli
2141 2994 2254 3046 (cum

1207 3037 2253 3094 fityy=x-—xx,et2ydy=dx—2xdx,sive

1206 3131 1232 3169 d
1246 3145 1271 3183 y
1282 3148 1338 3168 =
1355 3175 1380 3208 2
1395 3100 1642 3221 :jx-33³)
1658 3133 1684 3171 d
1695 3146 1720 3170 x
1735 3133 1950 3175 invenietur
1967 3127 2251 3191 γά-ἷῑῖῙ-ᾱῖἱ

1204 3277 1261 3299 =
1281 3264 1321 3302 -1-
1473 3223 1498 3261 d
1518 3236 1544 3260 x
1668 3291 1679 3310 ‚
1718 3271 1757 3303 et
1783 3266 1966 3316 quoniam
1993 3268 2090 3307 dum
2117 3269 2250 3308 crescit

1280 3277 1669 3351 -W—-sx‘

2015 3361 2221 3422 —dx‘

1928 3427 2244 3490 24lx-xx’

1205 3393 1241 3431 B
1263 3394 1301 3432 E
1321 3392 1504 3432 decrescit
1523 3393 1560 3431 L
1581 3395 1630 3433 M
1649 3402 1706 3434 est
1726 3396 1775 3434 M
1793 3409 1834 3434 m
1850 3412 1909 3435 =

1540 3520 1555 3534 ‚
1645 3491 1661 3525 1

1537 3565 1591 3614 4!
1611 3576 1635 3601 x
1650 3586 1703 3595 -
1714 3577 1739 3602 x
1757 3578 1783 3604 x

1200 3653 1279 3692 lam
1309 3654 1605 3694 Newtonianam
1643 3656 1859 3698 invenietur

1411 3745 1440 3773 -l
1631 3749 1662 3784 5.

1222 3782 1239 3815 1
1366 3774 1437 3815 12
1545 3784 1655 3817 3x2

1200 3811 1676 3907 E÷3÷2>«r

1802 3527 1842 3566 in
1859 3529 1996 3567 seriem
2017 3544 2085 3579 per
2097 3530 2245 3567 formu-

1962 3614 1963 3617 ’
2014 3625 2028 3658 1

1888 3701 1941 3748 γ
1965 3710 1990 3734 x
2008 3720 2061 3729 -—
2079 3710 2104 3735 x
2131 3711 2157 3735 x

1708 3816 1777 3853 &c.
1815 3808 1979 3867 ideoque
2012 3816 2060 3855 M
2088 3830 2128 3854 m
2164 3819 2243 3857 sive

1201 3524 1412 3562 resolvatur
1429 3536 1522 3575 ergo

2184 3677 2242 3699 =
