2502 4192
258 267 360 314 298

795 259 1363 315 PHILOSOPHIAE
1401 257 1852 313 NATURALIS
1940 258 2394 325 [MouCORPOR-,l

1096 604 1400 666 SECTIO
1445 605 1557 664 IX.

851 780 950 837 De
979 785 1132 837 motu
1158 776 1424 837 circulari
1425 775 1771 853 fluidorum.

1060 1012 1578 1066 HYPOTHESIS.

250 1181 623 1241 Resistentiam‚
671 1195 780 1247 quae
822 1179 984 1229 oritur
1032 1196 1092 1228 ex
1135 1177 1324 1245 deficta
1361 1175 1662 1226 lubricitatis
1699 1173 1930 1240 partium
1957 1172 2140 1243 fluidi,
2196 1170 2388 1222 caeteris

312 1272 542 1338 paribus,
585 1270 1016 1337 proportionalem
1065 1286 1163 1320 esse
1212 1266 1479 1330 velocitati,
1532 1265 1631 1335 quei
1668 1274 1848 1333 partes
1874 1266 2043 1335 fluidi
2089 1271 2389 1331 separantur

322 1362 384 1429 (e)
413 1361 477 1411 ab
503 1361 723 1412 invicem.

585 1566 1056 1620 PROPOSITIO
1095 1566 1191 1618 LI.

1268 1565 1720 1619 THEOREMA
1760 1565 2046 1617 XXXIX.

249 1735 306 1787 Si
330 1734 582 1802 cylindrus
618 1733 801 1782 solidus
828 1727 1024 1796 infinite*
1058 1729 1231 1797 longus
1255 1729 1309 1779 in
1326 1729 1501 1798 fluido
1526 1728 1764 1796 uniformi
1789 1736 1836 1778 et
1862 1728 2061 1794 infinito
2086 1727 2220 1777 circa
2247 1744 2389 1777 axem

311 1823 565 1891 positione
602 1824 771 1872 datum
806 1820 1047 1888 uniformi
1083 1838 1187 1870 cum
1224 1827 1355 1870 motu
1379 1821 1677 1879 revolvatur,
1717 1827 1764 1869 et
1789 1820 1852 1868 ab
1877 1818 2020 1886 hujus
2045 1819 2254 1884 impulsu
2288 1818 2391 1867 solo

319 1920 504 1979 agatur
512 1912 737 1981 fluidum
764 1911 818 1960 in
843 1909 1019 1970 orbem,
1051 1917 1332 1975 perseveret
1355 1917 1515 1959 autem
1527 1909 1700 1979 fluidi
1714 1926 1843 1975 pars
1868 1925 2172 1975 unaquaeque
2195 1909 2285 1957 uni
2308 1925 2390 1957 or-

321 2002 469 2050 miter
496 2001 549 2049 in
575 2006 707 2049 motu
730 2016 818 2051 suo
833 2027 851 2056 ;
894 1999 1004 2048 dico
1030 1999 1161 2065 quod
1195 2005 1416 2064 tempora
1443 1998 1709 2063 periodica
1740 1998 1968 2063 partium
1986 1997 2155 2066 fluidi
2188 2003 2301 2047 sunt
2335 2003 2392 2046 ut

320 2090 540 2154 ipsarum
566 2088 823 2137 distantiae
847 2086 910 2136 ab
935 2104 1030 2136 axe
1054 2086 1287 2154 cylindri.

324 2248 402 2299 Sit
432 2248 480 2300 A
510 2248 554 2299 F
581 2247 629 2299 L
656 2246 918 2317 cylindrus
950 2245 1277 2297 uniformiter
1302 2246 1438 2297 circa
1474 2264 1626 2297 axem
1654 2247 1690 2298 S
1715 2246 1770 2297 in
1807 2246 1988 2297 orbem
2012 2255 2172 2308 actus,
2213 2254 2265 2296 et
2290 2245 2388 2297 cir-

250 2339 377 2390 culis
421 2338 757 2390 concentricis
799 2338 846 2389 B
877 2338 930 2390 G
958 2337 1039 2401 M,
1084 2338 1129 2389 C
1159 2338 1219 2389 H
1246 2338 1315 2401 N,
1356 2338 1411 2389 D
1439 2338 1466 2389 I
1504 2337 1573 2400 Ο,
1617 2337 1663 2388 Ε
1704 2338 1757 2389 Κ
1797 2337 1858 2401 Ρ,
1906 2338 2000 2388 &c.
2045 2337 2389 2408 distinguatur

247 2427 465 2478 fluidum
491 2428 546 2478 in
572 2427 722 2479 orbes
749 2426 1057 2497 cylindricos
1082 2427 1380 2478 innumeros
1405 2427 1757 2479 concentricos
1784 2427 1975 2479 solidos
1997 2427 2222 2496 ejusdem
2251 2444 2388 2477 cras-

249 2515 502 2566 situdinis.
580 2515 653 2567 Et
688 2514 931 2584 quoniam
980 2515 1361 2585 homogeneum
1400 2525 1478 2566 est
1520 2515 1754 2578 fluidum,
1807 2515 2169 2583 impressiones
2223 2515 2387 2566 conti-

246 2624 469 2676 guorum
495 2605 699 2657 orbium
724 2606 778 2656 in
804 2625 858 2657 se
883 2615 1065 2657 mutuo
1101 2605 1251 2658 factae
1288 2615 1442 2661 erunt
1480 2609 1596 2674 (per
1624 2604 1982 2675 Hypothesin)
2024 2606 2086 2674 (³)
2113 2615 2171 2656 ut
2207 2623 2385 2656 eorum

300 2765 360 2855 ἑο)
382 2767 404 2791 *
426 2767 487 2804 Ab
507 2767 681 2805 invicem.
746 2764 980 2803 Resistentia
998 2778 1086 2816 quae
1105 2765 1228 2803 oritur
1246 2778 1294 2803 ex

251 2817 299 2856 de
317 2826 405 2857 ectu
430 2818 660 2857 lubricitatis
677 2819 844 2868 partium
873 2818 997 2865 fluidi,
1031 2819 1176 2856 caeteris
1193 2819 1295 2868 pari-

249 2873 334 2918 bus,
355 2880 412 2910 est
430 2884 580 2920 semper
599 2873 733 2909 eadem
747 2873 787 2908 in
802 2872 931 2920 spatiis
946 2872 1169 2923 aequalibus‚
1190 2885 1294 2922 quae-

249 2936 416 2975 cumque
434 2924 553 2962 fuerit
579 2924 733 2962 mobilis
759 2924 963 2971 velocitas3
995 2924 1087 2962 cum
1106 2925 1147 2962 in
1167 2925 1292 2962 omni-

250 2978 324 3014 bus
342 2977 472 3026 spatiis
499 2978 710 3027 aequalibus
736 2977 839 3015 idem
868 2977 1041 3015 defectus
1068 2977 1294 3016 lubricitatis

251 3030 492 3078 superandus
510 3030 571 3068 sit.
634 3031 708 3068 Est
726 3030 846 3081 igitur
864 3031 947 3068 haec
965 3030 1188 3074 resistentia,
1219 3043 1293 3068 cae-

252 3083 343 3119 teris
361 3083 527 3131 paribus,
557 3090 603 3121 ut
620 3083 786 3131 spatium
805 3082 910 3133 quod
937 3083 1080 3120 mobile
1102 3083 1292 3127 describit,

252 3135 327 3172 hoc
346 3143 414 3182 est,
435 3135 527 3174 dato
545 3143 729 3184 tempore,
759 3144 803 3174 ut
822 3136 1010 3173 velocitas.
1074 3136 1179 3181 Quia
1205 3135 1295 3174 vei-6

252 3195 377 3235 partes
405 3189 599 3239 contiguae
626 3201 714 3239 quae
741 3189 858 3226 simul
884 3190 968 3237 pari
985 3189 1185 3226 velocitate
1211 3201 1294 3226 mo-

252 3248 403 3286 ventur,
433 3254 513 3278 sese
531 3249 669 3278 mutuo
687 3254 766 3279 non
794 3249 985 3287 atterunt3
1015 3241 1199 3290 capienda
1224 3243 1287 3279 hic

252 3300 311 3330 est
336 3293 514 3331 velocitas
540 3294 707 3341 partium
734 3294 901 3340 relativa,
934 3292 1012 3344 qua
1038 3303 1162 3343 partes
1180 3308 1287 3342 sepa-

253 3354 387 3383 rantur
405 3347 453 3383 ab
479 3345 655 3384 invicem.
717 3347 793 3386 Sed
811 3346 859 3385 de
876 3345 949 3385 hac
970 3348 1190 3397 Hypothesi
1209 3347 1295 3385 vide

255 3398 446 3436 scholium
466 3410 639 3448 sequens.

308 3451 365 3503 (²)
385 3456 480 3489 526.
511 3454 533 3475 ¹*
564 3454 615 3490 Ut
633 3466 765 3491 eorum
792 3455 1054 3493 translationes
1071 3455 1115 3491 ab
1133 3455 1294 3493 invicem

253 3511 289 3542 et
307 3506 519 3557 superficies
539 3507 739 3553 contiguae,
759 3506 829 3543 &c.
891 3507 931 3544 Si
959 3506 1179 3555 superficies
1204 3519 1296 3544 con·

252 3556 372 3606 tiguae
392 3555 502 3594 nulla
519 3557 719 3594 velocitate
742 3557 901 3596 relativa
919 3559 1018 3597 inter
1036 3571 1077 3597 se
1094 3571 1295 3596 moveren-

252 3617 328 3653 tur,
362 3617 429 3647 aut
457 3610 487 3646 si
515 3617 641 3647 essent
667 3610 834 3657 perfecte
863 3612 1031 3657 lubricae,
1062 3611 1170 3649 nulla
1195 3611 1295 3649 soret

253 3674 385 3699 earum
419 3661 568 3701 frictiox
606 3669 646 3699 at
672 3662 703 3699 si
731 3663 950 3711 superficies
979 3663 1056 3702 sint
1086 3677 1229 3712 asperae
1256 3671 1296 3701 et

253 3714 328 3752 alia
346 3728 458 3763 super
477 3715 592 3753 aliam
611 3714 774 3762 incedat,
795 3724 971 3754 nascetur
986 3729 1030 3753 ex
1051 3717 1218 3765 partium
1236 3724 1295 3754 at-

253 3767 343 3804 tritu
376 3767 597 3813 resistentia,
629 3781 728 3818 quae,
763 3768 854 3805 dato
882 3775 1054 3818 tempore
1085 3777 1124 3807 et
1149 3769 1293 3807 caeteris

252 3820 417 3867 paribus,
455 3821 663 3873 velocitati*
683 3820 971 3870 superficierum
1003 3821 1170 3862 relativae
1205 3834 1292 3871 pro-

1347 2764 1570 2815 portionalis
1588 2772 1646 2803 est
1667 2767 1755 2817 (per
1777 2765 1924 2816 Hyp..)
1985 2765 2102 2804 Unde
2119 2765 2151 2802 si
2169 2764 2386 2814 superficies

1347 2818 1554 2869 contiguae,
1574 2819 1824 2869 homogeneae
1843 2826 1881 2857 et
1899 2819 2056 2869 aequalis
2074 2818 2216 2869 ubique
2242 2819 2385 2866 asperi-

1348 2872 1436 2910 tatis
1453 2885 1534 2909 sese
1551 2871 1694 2910 viribus
1712 2872 1923 2922 aequalibus
1940 2879 2125 2921 premant,
2148 2878 2186 2909 et
2203 2878 2386 2920 praeterea

1347 2924 1566 2973 superficies
1591 2937 1679 2975 quae
1705 2937 1819 2973 super
1845 2924 1940 2962 alias
1964 2924 2034 2962 sibi
2054 2924 2256 2974 contiguas
2281 2924 2385 2961 ince-

1347 2977 1457 3023 dunt,
1491 2978 1657 3029 aequales
1689 2977 1789 3025 sint3
1820 2977 2042 3016 resistentiae
2069 2990 2114 3015 ex
2135 2976 2264 3015 attritu
2293 2976 2383 3014 dato

1347 3037 1517 3079 tempore
1544 3031 1685 3082 genitae
1710 3031 2011 3080 proportionales
2036 3037 2152 3068 erunt
2169 3029 2386 3067 translatio-

1348 3083 1462 3121 nibus
1490 3083 1778 3132 superficierum
1814 3084 2083 3134 contiguarum
2119 3084 2167 3120 ab
2202 3082 2381 3126 invicem,

1348 3135 1438 3174 cum
1457 3136 1680 3187 hujusmodi
1696 3136 1959 3174 translationes
1973 3136 2050 3174 sint
2066 3136 2187 3184 spatia
2204 3135 2396 3182 velocitaff

1348 3189 1451 3226 tibus
1477 3189 1644 3226 relativis
1661 3188 1751 3226 dato
1768 3196 1939 3238 tempore
1965 3188 2164 3236 descripta.
2226 3188 2267 3226 Si
2294 3186 2384 3226 verti

1344 3241 1610 3280 translationes
1636 3241 1713 3279 illae
1731 3255 1800 3280 seu
1817 3242 2032 3279 velocitates
2058 3240 2224 3278 relativae
2250 3253 2383 3289 super-

1341 3294 1514 3332 ficierum
1529 3294 1795 3345 contiguarum
1808 3302 2000 3343 ponantur
2011 3293 2190 3344 aequales3
2205 3292 2382 3331 resistens

1348 3348 1423 3390 tiae,
1457 3347 1602 3385 caeteris
1628 3346 1794 3395 paribus,
1825 3355 1939 3385 erunt
1956 3355 2001 3385 ut
2018 3346 2235 3396 superficies
2260 3347 2382 3385 conti—

1348 3413 1437 3450 guae
1467 3413 1554 3450 quae
1580 3413 1661 3438 sese
1686 3408 1826 3438 mutuo
1853 3407 2033 3438 atterunt.
2092 3399 2224 3443 Quare
2251 3399 2283 3436 si
2310 3411 2382 3437 nec

1348 3453 1567 3501 superficies
1594 3452 1798 3502 contiguae,
1833 3466 1904 3491 nec
1930 3465 2062 3490 earum
2080 3450 2296 3489 velocitates
2321 3464 2382 3500 re-

1349 3506 1475 3543 lativae
1502 3518 1572 3543 seu
1600 3505 1865 3543 translationes
1892 3507 1939 3543 ab
1963 3505 2128 3543 invicem
2156 3511 2381 3553 aequantur3

1348 3558 1582 3601 resistentiae‚
1621 3558 1767 3596 caeteris
1802 3558 1966 3607 paribus,
2009 3564 2123 3595 erunt
2157 3556 2196 3593 in
2233 3556 2382 3594 ratione

1348 3609 1559 3658 composita
1577 3624 1622 3648 ex
1642 3612 1788 3648 ratione
1806 3610 2093 3659 superficierum
2110 3607 2381 3659 contiguarum

1348 3671 1388 3701 et
1405 3663 1551 3701 ratione
1577 3663 1871 3701 translationum
1898 3665 1947 3701 ab
1972 3663 2137 3700 invicem
2167 3660 2256 3698 dato
2282 3668 2380 3699 tem·

1347 3728 1441 3765 pore
1458 3716 1657 3754 factarum.
1709 3716 1984 3766 Impressiones
2001 3713 2090 3753 vero
2107 3713 2381 3764 contiguorum

1347 3769 1501 3806 orbium
1519 3769 1560 3805 in
1586 3781 1627 3807 se
1644 3776 1784 3807 mutuo
1814 3769 1938 3817 factae,
1971 3774 2061 3808 sunt
2086 3775 2133 3807 ut
2157 3767 2381 3807 resistentiae

1346 3821 1487 3873 quibus
1504 3821 1795 3871 producuntur?
1960 3829 1964 3833 ’
