2502 4192
158 286 339 337 Lmen
369 285 636 349 SECUND.]

158 435 217 465 ter
234 425 565 475 perpendiculares
587 426 625 463 A
647 425 683 463 L
703 432 741 462 et
763 425 803 463 D
820 425 870 467 O,
895 425 936 462 D
963 424 1000 463 Ο
1020 431 1058 461 et
1080 424 1116 461 G
1137 423 1187 469 R,

157 481 226 517 διε.
257 487 314 517 tot
330 486 425 529 quot
451 486 541 515 sunt
557 478 788 516 divisionum
812 485 968 525 puncta,
996 484 1035 514 et
1052 476 1094 513 in
1113 476 1190 513 sin-

154 532 255 582 gulis
266 532 418 579 punctis
436 532 633 581 erigantur
646 530 979 580 perpendiculares
993 529 1039 567 iis
1052 528 1188 566 mediis

153 584 497 634 proportionalibus
525 584 659 621 ordine
686 582 848 631 sumptis
879 582 1066 633 aequales;
1105 581 1186 618 De-

153 638 270 687 nique
301 650 417 675 curva
447 644 580 687 tangat
606 645 685 674 tam
717 635 1050 685 perpendiculares
1081 633 1187 672 datas

157 692 195 728 A
213 691 262 736 L,
286 691 327 728 D
350 691 401 736 O,
426 690 462 727 G
488 690 524 727 R
543 702 660 739 quam
678 691 789 727 hasce
807 688 966 735 medias,
995 687 1081 726 dico
1100 700 1186 725 eam

154 756 310 781 curvam
318 743 410 782 ‘esse
428 742 744 793 logarithmicam.

209 796 337 834 Facile
364 795 468 834 enim
487 795 606 845 liquet
631 808 678 833 ex
705 794 841 833 natura
860 795 1183 845 progressionum,

151 849 256 900 quod
283 862 372 887 cum
399 849 594 886 sitAL:
622 848 952 887 D0=DO:
981 847 1185 892 GR,&c.

151 910 190 940 et
207 902 366 940 totidem
384 901 521 939 mediae
547 901 843 951 proportionales
867 908 1110 938 assumantur
1127 899 1187 936 in-

153 963 209 993 ter
231 956 268 992 A
286 956 321 993 L
341 962 379 993 et
400 955 440 992 D
456 954 505 998 O,
526 962 620 1004 quot
638 961 886 991 assumuntur
912 954 1012 991 inter
1034 954 1074 991 D
1094 954 1130 992 O
1150 960 1187 990 et

157 1009 195 1046 G
207 1009 254 1053 R,
273 1009 401 1058 sicque
412 1006 601 1055 deinceps,
614 1007 769 1045 formari
781 1006 1084 1057 progressionem
1095 1020 1186 1044 con-

152 1061 300 1099 tinuam
318 1067 555 1099 constantem
574 1073 620 1097 ex
639 1061 819 1098 omnibus
839 1060 914 1096 illis
933 1060 1186 1108 perpendicu-

152 1114 294 1152 laribus
311 1121 389 1152 tarn
409 1113 507 1151 datis
529 1126 646 1163 quam
670 1112 846 1158 inventis,
874 1111 962 1150 ide&
979 1114 1188 1163 quamlibet

152 1181 198 1205 ex
217 1166 305 1214 illis,
326 1174 372 1205 ut
391 1168 430 1205 A
452 1166 501 1212 L,
523 1179 603 1204 esse
620 1166 670 1204 ad
688 1167 756 1204 sibi
775 1166 988 1215 proximam
1011 1167 1045 1203 B
1063 1168 1122 1213 M,
1143 1174 1188 1204 ut

152 1220 228 1258 alia
245 1220 389 1270 quaevis
409 1220 450 1258 D
474 1219 525 1265 O,
557 1227 613 1257 est
639 1221 688 1257 ad
706 1221 921 1268 proximam
943 1220 978 1257 P
1000 1220 1051 1266 E,
1082 1220 1187 1257 unde

153 1273 370 1319 dividendo,
389 1280 447 1311 est
467 1273 505 1310 A
529 1273 563 1311 L
582 1272 631 1310 ad
649 1286 757 1310 suam
786 1272 1039 1310 differentiam
1058 1287 1081 1310 a
1098 1286 1186 1322 pro-

152 1326 268 1373 xima,
296 1336 341 1364 ut
359 1334 415 1364 est
433 1326 548 1363 etiam
578 1326 619 1363 D
641 1326 677 1363 O
697 1325 746 1363 ad
764 1339 873 1363 suam
892 1325 1145 1363 differentiam
1165 1340 1187 1364 a

152 1378 337 1429 proxima,
359 1378 521 1429 ideoque
539 1378 912 1428 perpendicularium
927 1379 1186 1427 proximarum

154 1432 379 1471 differentiae
407 1440 519 1470 erunt
547 1432 690 1482 ubique
721 1432 776 1470 eis
810 1431 1188 1480 perpendicularibus

153 1484 477 1534 proportionales3
501 1484 827 1523 Evanescentibus
845 1497 938 1534 ergo
955 1493 1189 1533 punctorum

153 1539 195 1576 in
213 1551 284 1576 axe
300 1531 540 1586 sumptorum
560 1537 783 1584 intervallis,
811 1545 849 1575 et
866 1536 1188 1586 perpendiculari-

152 1593 226 1630 bus
242 1590 292 1629 ad
309 1590 452 1629 vicinas
476 1590 615 1639 aequali
646 1590 789 1640 ubique
816 1590 1007 1627 celeritate
1038 1590 1125 1628 latis
1151 1598 1190 1629 et

154 1643 293 1695 aequali
322 1643 565 1692 tempusculo
595 1645 662 1695 (ob
689 1643 944 1693 aequalitatem
970 1643 1190 1682 intervallo-

154 1697 276 1747 rum),
309 1696 528 1735 velocitates
544 1698 684 1747 quibus
697 1704 872 1734 crescunt
889 1696 949 1734 vel
967 1697 1192 1735 decrescunt

155 1749 485 1800 perpendiculares
509 1757 623 1788 erunt
641 1750 687 1787 iis
705 1749 795 1798 ipsis
813 1750 1191 1798 perpendicularibus

154 1803 477 1852 proportionales;
508 1803 618 1853 Ergo
638 1806 702 1853 (ex
717 1802 938 1840 definitione
952 1803 1189 1853 logarithmi-

155 1856 229 1906 cae)
250 1870 295 1895 ea
312 1868 427 1894 curva
444 1868 532 1908 quae
549 1863 682 1908 tanget
700 1868 763 1895 eas
772 1855 1106 1907 perpendiculares
1120 1857 1190 1897 erit

154 1908 427 1962 logaritiunica.
532 1907 541 1911 ’

207 1984 273 2019 54.
312 1983 439 2020 Theor.
472 1984 532 2021 II.
583 1982 762 2021 Abscissae
795 1983 874 2021 axis
909 1982 1188 2032 logarithmicae,

156 2042 247 2073 sunt
273 2035 485 2084 logarithmi
512 2037 772 2074 ordinatarum
800 2037 842 2073 in
869 2049 1002 2074 earum
1033 2042 1191 2074 extremo

155 2089 419 2126 insistentium.
464 2088 497 2125 F
498 2096 653 2126 erantur
671 2088 760 2125 hinc
778 2087 869 2125 inde
887 2089 934 2126 ab
952 2088 1099 2138 origine
1111 2088 1193 2125 axis

158 2147 284 2188 partes
301 2140 467 2190 aequales
483 2141 784 2192 quamminimae,
812 2141 851 2178 in
872 2149 1041 2178 extremo
1060 2141 1192 2191 singu-

158 2192 283 2230 larum
310 2194 506 2244 erigantur
532 2194 729 2239 ordinatae,
760 2193 838 2231 illae
856 2206 990 2231 omnes
1007 2193 1193 2232 ordinatae

160 2247 392 2284 constituent
402 2248 705 2297 progressionem
724 2246 994 2296 geometricam
1011 2246 1111 2284 inter
1125 2260 1192 2285 cu-

152 2301 219 2350 jus
236 2299 418 2338 terminos
436 2300 600 2338 occurrit
616 2301 753 2343 unitas,
767 2312 899 2337 earum
914 2298 1002 2337 ver&
1021 2300 1194 2338 abscissae

158 2361 272 2390 erunt
288 2352 330 2389 in
340 2352 602 2403 progressione
615 2352 850 2390 arithmetica
860 2360 1014 2402 propter
1026 2353 1192 2402 partium

159 2405 200 2442 in
218 2418 289 2442 axe
306 2413 546 2453 sumpturum
566 2405 833 2455 aequalitatem,
863 2414 901 2443 et
918 2406 1081 2444 abscissa
1106 2419 1193 2456 quae

161 2458 300 2496 unitati
317 2458 519 2507 respondet
537 2466 593 2497 est
610 2464 659 2505 O;
679 2459 704 2498 J
708 2471 772 2496 am
790 2466 920 2497 autem
932 2457 1022 2496 cum
1042 2459 1195 2497 termini

160 2510 432 2562 progressionis
446 2512 692 2550 arithmeticae
709 2512 809 2549 inter
826 2524 922 2563 quos
940 2520 996 2550 est
1012 2518 1039 2551 Ο
1057 2512 1111 2551 ita
1128 2526 1196 2562 ap-

163 2572 294 2602 tantur
321 2565 493 2602 terminis
522 2565 798 2615 progressionis
832 2566 1074 2615 geometricae
1101 2574 1147 2604 ut
1170 2571 1198 2605 O

162 2617 387 2666 respondeat
404 2617 542 2656 unitati
570 2626 608 2655 et
626 2618 760 2668 reliqui
778 2618 932 2656 termini
950 2618 1020 2656 sibi
1038 2631 1196 2668 respon-

162 2670 289 2717 deant,
334 2678 420 2709 tum
456 2670 607 2708 termini
642 2671 914 2722 progressionis
949 2672 1198 2710 arithmeticae

164 2731 256 2761 sunt
282 2724 502 2774 logarithmi
533 2725 785 2762 terminorum
819 2725 1200 2774 correspondentium

166 2776 441 2827 progressionis
466 2776 733 2827 geometricae3
764 2777 875 2828 Ergo
892 2778 1065 2816 abscissae
1092 2777 1199 2829 loga-

165 2829 363 2877 rithmicae,
374 2837 464 2868 sunt
477 2829 695 2880 logarithmi
709 2830 969 2869 ordinatarum
981 2843 1202 2881 correspon-

168 2882 356 2920 dentium.

223 2938 339 2974 Corol.
375 2939 409 2972 1.
453 2937 581 2975 Portio
613 2939 691 2976 axis
722 2951 807 2988 quae
837 2938 1072 2988 intercipitur
1107 2940 1204 2977 inter

168 2990 265 3027 duas
296 2991 487 3027 ordinatas
512 2996 566 3028 est
591 2992 834 3040 logaritlzmus
859 2993 1014 3030 rationis
1041 3004 1125 3042 quoe
1144 2994 1206 3031 in-

168 3044 321 3080 tercedit
351 3045 450 3081 inter
481 3044 562 3081 illas
597 3045 800 3083 ordinatas.
875 3044 1068 3089 Quotiens
1102 3045 1208 3083 enim

171 3093 334 3132 duarum
353 3095 614 3145 quantitatum
633 3096 813 3145 exprimit
837 3096 1024 3135 rationem
1043 3110 1130 3148 quae
1146 3099 1208 3135 in-

168 3154 227 3184 ter
243 3147 328 3185 illas
353 3147 566 3194 intercedit,
593 3156 633 3186 et
649 3148 865 3188 differentia
889 3150 1208 3200 logarithmorum

172 3211 304 3238 earum
339 3200 610 3251 quantitatum,
640 3209 699 3240 est
723 3202 977 3254 logarithmus
1003 3204 1209 3253 quotientis

169 3264 315 3298 earum,
329 3253 395 3291 sed
410 3253 583 3292 abscissae
594 3262 686 3293 sunt
699 3255 920 3307 logarithmi
930 3255 1204 3302 ordinatarum,

170 3312 210 3343 et
226 3306 349 3354 portio
366 3306 448 3344 axis
465 3319 553 3357 quae
570 3307 810 3357 intercipitur
827 3308 927 3347 inter
940 3308 1037 3347 duas
1053 3309 1208 3348 ordina-

171 3365 230 3396 tas
242 3365 300 3396 est
313 3358 525 3397 differentia
537 3360 787 3413 abscissarum
801 3361 878 3400 sive
889 3361 1206 3412 logarithmorum

175 3409 226 3449 ad
244 3424 308 3449 eas
333 3412 524 3450 ordinatas
549 3413 837 3461 pertinentium,
870 3427 963 3465 ergo
988 3415 1056 3453 illa
1083 3415 1208 3464 portio

175 3470 232 3501 est
262 3464 518 3515 logarithmus
552 3465 775 3515 quantitatis
792 3480 879 3518 quae
898 3467 1077 3517 exprimit
1093 3468 1207 3507 ratio-
1260 3466 1263 3468 ’

175 3527 267 3554 nem
285 3530 373 3567 quae
390 3517 490 3555 inter
507 3517 700 3558 ordinatas
717 3520 928 3559 intercedit.

229 3572 350 3609 Corol.
386 3574 424 3607 2.
482 3573 523 3610 Si
558 3574 698 3612 dentur
734 3575 904 3613 duarum
939 3581 1011 3613 aut
1041 3576 1217 3624 pluvium

735 281 1133 335 PRINCIPIA
1172 278 1786 331 MATHEMATICA.
2256 288 2286 337 7

1243 424 1374 461 rithmz
1404 424 1579 473 aequzzles,
1612 424 1868 472 logaritlzmica
1897 424 2025 472 aliqua
2050 430 2120 472 pet·
2151 437 2285 463 earum

1236 477 1613 525 pmiendicularium
1630 477 1875 513 extremitates
1896 477 2077 514 traneibit.

1297 527 1347 565 In
1364 535 1467 565 recta
1489 528 1526 565 Ο
1544 528 1583 565 Α
1599 528 1641 565 N
1660 527 1755 574 (vid.
1763 531 1840 581 fig.
1860 530 1973 577 prim.
1985 542 2075 578 pag.
2104 534 2247 568 succed.
2256 537 2278 579 )

1241 588 1416 618 sumatur
1432 588 1622 629 punctum
1644 581 1683 617 A
1702 581 1743 617 in
1761 581 1865 631 quod
1884 580 2053 631 erigatur
2079 582 2281 630 perpendi-

1243 633 1382 671 cularis
1404 635 1443 671 A
1464 635 1498 671 B
1526 633 1667 671 unitati
1698 634 1867 684 aequalis,
1901 635 2025 683 sitque
2047 635 2085 672 A
2106 635 2153 672 M
2173 635 2281 685 loga·-

1239 686 1404 724 rithmus
1432 686 1656 737 quantitatis
1673 687 1736 724 cui
1753 687 1909 737 aequalis
1938 695 1995 724 est
2026 687 2280 736 perpendicu-

1238 739 1328 776 laris
1349 740 1396 777 M
1415 740 1461 786 P,
1483 740 1530 777 sit
1553 742 1590 777 A
1606 753 1628 777 a
1642 739 1857 777 differentia
1874 740 2149 790 progressionis
2162 741 2280 779 arith-

1239 792 1389 830 meticae
1407 806 1453 830 ex
1468 792 1544 843 qua
1559 793 1817 831 desumuntur
1830 793 2062 843 logarithmi‚
2092 807 2180 844 quae
2191 793 2280 832 ideo

1240 845 1415 883 accurate
1443 845 1700 883 continebitur
1730 847 1772 883 in
1804 846 2003 884 intervallo
2034 849 2071 884 A
2093 847 2142 884 M
2169 848 2281 885 toties

1239 906 1334 948 quot
1352 906 1442 936 sunt
1460 898 1612 936 termini
1630 898 1671 936 in
1690 900 1954 950 progressione
1981 900 2214 951 geometrica
2231 914 2279 939 ex

1241 964 1318 1002 qua
1331 951 1588 989 desumuntur
1601 953 1830 1001 quantitates
1844 966 2008 1003 quarum
2022 955 2211 991 habentur
2224 954 2281 991 lo-

1241 1004 1431 1055 garithmi‚
1470 1012 1691 1055 quaerantur
1720 1013 1777 1043 tot
1807 1006 1945 1043 mediae
1982 1007 2282 1055 proportionales

1240 1060 1341 1095 inter
1362 1058 1400 1095 A
1423 1059 1458 1096 B
1479 1068 1518 1095 et
1539 1059 1586 1095 M
1610 1059 1644 1095 P
1661 1066 1756 1109 quot
1774 1066 1865 1096 sunt
1884 1059 2115 1096 divisionum
2137 1069 2282 1108 puncta

1242 1110 1342 1148 inter
1363 1112 1400 1148 A
1421 1119 1459 1149 et
1479 1112 1540 1157 M,
1575 1121 1612 1149 et
1638 1113 1680 1149 in
1707 1112 1773 1149 illa
1800 1120 1944 1161 puncta
1969 1113 2166 1162 erigantur
2194 1126 2280 1162 per-

1241 1163 1505 1212 pendiculares
1524 1164 1599 1201 illis
1616 1165 1754 1203 mediis
1773 1166 2119 1214 proportionalibus
2146 1167 2282 1205 ordine

1241 1218 1417 1267 aequales,
1446 1217 1512 1255 fiet
1524 1219 1740 1269 progressio
1754 1220 1996 1269 geometrica,
2020 1232 2105 1267 quae
2125 1227 2182 1257 est
2199 1220 2282 1268 ipsa.

1239 1271 1452 1320 progressio
1484 1273 1744 1320 quantitatum
1772 1285 1936 1322 quarum
1965 1272 2140 1310 abscissae
2168 1273 2281 1310 lineae

1245 1324 1281 1361 O
1308 1325 1342 1361 A
1367 1324 1405 1361 N
1439 1325 1650 1374 quantitate
1685 1326 1718 1362 A
1742 1339 1765 1362 a
1793 1324 2003 1363 successive
2035 1335 2159 1363 auctae
2188 1335 2281 1364 sunt

1241 1376 1470 1427 logarithmi,
1493 1378 1681 1426 siquidem
1700 1378 1739 1414 in
1755 1378 1916 1428 utraque
1937 1379 2199 1429 progressione
2218 1392 2283 1416 oc-

1242 1439 1403 1468 currunt
1434 1432 1585 1468 termini
1609 1433 1645 1469 A
1670 1432 1705 1469 B
1727 1440 1765 1469 et
1786 1432 1833 1469 M
1857 1432 1891 1469 P
1919 1432 2055 1469 eodem
2082 1433 2283 1471 intervallo

1242 1483 1286 1519 in
1305 1491 1467 1534 utraque
1496 1485 1628 1530 dissiti,
1656 1485 1723 1522 sed
1742 1484 1773 1522 si
1793 1485 1834 1521 in
1853 1485 2006 1533 punctis
2034 1487 2281 1536 aequidistan-

1242 1535 1345 1573 tibus
1362 1536 1474 1574 lineae
1492 1537 1659 1588 cujusvis
1676 1538 1872 1588 erigantur
1890 1538 2223 1587 perpendiculares
2241 1539 2284 1576 in

1242 1590 1505 1639 progressione
1523 1590 1770 1640 geometrica,
1791 1591 2056 1640 logarithmica
2073 1592 2202 1643 aliqua
2219 1607 2284 1633 ea-

1243 1654 1331 1679 rum
1351 1642 1509 1680 vertices
1527 1651 1660 1694 tanget
1690 1644 1799 1696 (Cor.
1827 1645 1967 1682 Theor.
1997 1645 2053 1693 1.)
2111 1646 2222 1697 Ergo
2249 1646 2280 1683 si

1243 1694 1383 1733 dentur
1401 1696 1552 1734 numeri
1567 1709 1656 1734 cum
1677 1697 1756 1737 suis
1774 1696 2014 1747 logarithmis
2024 1698 2172 1749 concipi
2184 1712 2283 1736 sem-

1243 1761 1311 1797 per
1338 1750 1477 1796 poterit
1504 1749 1768 1800 logarithmica
1795 1751 1905 1800 cujus
1931 1750 2104 1788 abscissae
2123 1752 2199 1789 sint
2226 1752 2284 1802 illi

1244 1801 1464 1854 logaritbmi
1483 1810 1522 1841 et
1538 1804 1652 1856 cujus
1666 1803 1850 1841 ordinatae
1862 1804 1939 1843 sint
1953 1804 2183 1856 quantitates
2197 1806 2283 1857 qui-

1243 1856 1316 1894 bus
1333 1857 1576 1906 respondent.

1297 1914 1360 1949 35.
1401 1913 1530 1949 leeor.
1561 1913 1646 1950 III.
1695 1913 1788 1950 Axis
1818 1915 2084 1962 lagarz'tIzmz'cae
2118 1921 2171 1952 est
2207 1916 2290 1965 ejas·

1245 1971 1477 2014 asymptotus
1495 1967 1545 2002 ad
1562 1979 1681 2015 quam
1701 1968 1746 2003 ab
1758 1965 1839 2003 unci
1851 1974 1961 2015 parte
1972 1969 2115 2005 accedit
2128 1971 2287 2018 propius

1244 2016 1333 2055 aaut
1354 2016 1484 2068 quavis
1502 2019 1711 2067 quantitate
1742 2032 1957 2069 numquam
1975 2027 2103 2059 tamen
2122 2034 2206 2059 eam
2225 2029 2284 2060 at-

1244 2072 1366 2120 tingit,
1387 2078 1423 2108 et
1441 2085 1464 2108 a
1483 2070 1559 2122 quei
1578 2074 1624 2109 ab
1642 2070 1762 2110 alterii
1775 2080 1886 2122 parte
1903 2075 2048 2122 longius
2065 2076 2202 2113 recedit
2217 2077 2286 2113 da-

1245 2122 1284 2161 td
1304 2122 1434 2173 quavis
1451 2127 1672 2175 quantitate.

1302 2177 1389 2214 Sint
1416 2177 1505 2214 duae
1532 2177 1718 2215 ordinatae
1740 2178 1779 2215 A
1802 2179 1851 2224 B,
1883 2180 1931 2216 M
1955 2179 1990 2216 P
2015 2192 2181 2230 quarum
2207 2194 2288 2219 una

1245 2228 1294 2267 sit
1308 2229 1462 2268 alterius
1475 2231 1594 2279 dupla
1606 2231 1666 2268 vel
1679 2231 1882 2281 plusquam
1896 2232 2025 2280 dupla,
2042 2234 2186 2271 feratur
2199 2247 2286 2283 por-

1247 2283 1302 2320 tio
1315 2283 1397 2320 ax-is
1415 2285 1450 2321 A
1470 2284 1516 2321 M
1529 2284 1620 2322 hinc
1638 2284 1728 2322 inde
1742 2285 1957 2322 secundum
1972 2299 2084 2323 axem
2099 2287 2181 2325 sine
2195 2288 2287 2334 fine,

1247 2335 1431 2374 ordinatae
1443 2337 1484 2373 in
1496 2350 1540 2375 ea
1554 2345 1697 2385 puncta
1709 2345 1832 2376 erecta
1846 2347 2015 2376 crescent
2023 2341 2070 2376 ab
2082 2340 2163 2382 una
2169 2353 2288 2389 parte,

1247 2397 1284 2426 et
1302 2391 1350 2427 ab
1368 2389 1487 2428 altera
1500 2390 1718 2428 decrescent
1736 2391 1776 2428 in
1801 2391 1950 2429 ratione
1967 2388 2088 2441 dupla
2105 2393 2164 2430 vel
2182 2395 2289 2442 plus-

1248 2455 1365 2493 quam
1379 2442 1499 2493 dupla
1515 2446 1600 2495 (per
1616 2445 1703 2482 Cor.
1721 2445 1861 2483 Theor.
1883 2444 1942 2494 Ι.)
1958 2446 2026 2483 sed
2037 2458 2083 2483 ex
2095 2448 2292 2496 principiis

1252 2496 1520 2534 Archimedeis
1546 2497 1740 2547 quantitas
1767 2510 1938 2536 crescens
1961 2499 2003 2535 in
2030 2502 2293 2550 progressione

1250 2548 1370 2597 dupla
1380 2549 1439 2586 vel
1448 2550 1651 2600 plusquam
1665 2550 1784 2599 dupla
1795 2563 1951 2588 omnem
1964 2553 2215 2602 quantitatem
2224 2554 2293 2592 da-

1249 2610 1331 2641 tam
1357 2602 1512 2640 tandem
1541 2603 1710 2650 excedet,
1739 2611 1778 2641 et
1795 2617 1842 2641 ex
1866 2604 2063 2653 principiis
2092 2607 2294 2645 Euclideis

1251 2655 1441 2705 quantitas
1466 2656 1608 2707 quaevis
1627 2656 1848 2694 decrescens
1865 2659 1906 2694 in
1924 2659 2071 2696 ratione
2090 2660 2209 2708 dupla
2233 2661 2295 2698 vel

1252 2708 1459 2760 plusquam
1471 2709 1590 2759 dupla
1603 2710 1729 2747 minor
1743 2710 1787 2748 fit
1800 2710 1934 2761 quavis
1947 2712 2159 2762 quantitate
2177 2713 2266 2751 data
2279 2727 2292 2761 3

1258 2762 1369 2812 Ergo
1400 2762 1669 2814 logarithmica
1697 2763 1852 2815 longius
1878 2766 1926 2802 ab
1953 2777 2025 2802 axe
2043 2766 2196 2813 recedit,
2228 2776 2297 2805 aut

1256 2813 1415 2864 propius
1442 2816 1491 2854 ad
1517 2829 1608 2854 eum
1626 2816 1773 2854 accedit
1790 2816 1926 2867 quanvis
1952 2819 2164 2868 quantitate
2192 2821 2294 2867 data,

1244 2880 1469 2919 ‘numquam
1502 2876 1631 2907 tamen
1661 2882 1752 2907 eum
1785 2869 1957 2921 attinget,
1996 2872 2160 2922 attingat
2191 2874 2296 2911 enim

1259 2934 1350 2959 eum
1368 2921 1400 2959 si
1419 2921 1501 2960 fieri
1515 2931 1640 2971 potest
1657 2922 1698 2959 in
1716 2922 1884 2974 quodam
1900 2931 2044 2972 puncto
2066 2926 2117 2968 X,
2138 2926 2299 2965 ferendo

1259 2974 1477 3013 distantiam
1500 2976 1538 3012 A
1555 2976 1601 3013 M
1621 2975 1836 3015 secundum
1853 2989 1978 3022 axem,
1999 2977 2065 3015 fiet
2081 2979 2235 3016 tandem
2254 2989 2301 3019 ut

1261 3027 1373 3066 cadat
1390 3027 1565 3077 proxime
1584 3029 1680 3066 citra
1700 3029 1754 3074 X,
1776 3028 1871 3078 puta
1888 3029 1930 3066 in
1952 3031 2001 3076 Y,
2022 3039 2105 3068 tum
2125 3033 2299 3081 proxime

1259 3081 1375 3128 ultra,
1408 3081 1512 3119 utin
1535 3082 1589 3128 Z;
1623 3082 1664 3118 in
1690 3090 1837 3131 puncto
1866 3082 1903 3120 Y
1931 3083 2108 3121 nondum
2137 3086 2303 3137 attinget

1261 3147 1374 3172 axem
1393 3147 1438 3172 ex
1461 3135 1691 3184 Hypothesi,
1712 3143 1751 3172 et
1769 3135 1900 3186 aliquo
1917 3136 2119 3175 intervallo
2139 3139 2176 3175 Y
2198 3139 2233 3176 V
2255 3142 2303 3177 ab

1262 3200 1309 3225 eo
1327 3188 1492 3233 distabit,
1522 3187 1588 3225 sed
1615 3188 1706 3237 quia
1727 3189 1763 3226 Y
1787 3189 1818 3225 Z
1837 3204 1895 3224 =
1917 3189 1955 3226 A
1978 3190 2026 3228 M
2051 3190 2205 3229 debebit
2222 3205 2303 3229 esse

1266 3241 1305 3278 A
1329 3241 1364 3278 B
1386 3255 1396 3279 t
1422 3241 1470 3278 M
1494 3241 1529 3278 P
1548 3257 1604 3277 =
1627 3241 1664 3279 Y
1684 3241 1722 3278 V
1753 3241 1804 3279 ad
1832 3240 2047 3280 ordinatem
2076 3243 2117 3280 in
2152 3244 2196 3289 Z,
2213 3257 2302 3294 quae

1260 3291 1353 3331 ide&
1389 3294 1552 3339 dabitur,
1591 3306 1635 3331 ac
1663 3306 1732 3342 per
1767 3306 2005 3344 consequens
2039 3295 2304 3347 logaritlimica

1260 3346 1437 3384 nondum
1455 3347 1618 3395 attinget
1636 3359 1748 3437 alxem
1765 3346 1807 3384 in
1828 3347 1874 3392 Z,
1894 3347 2041 3386 nedum
2059 3362 2151 3387 eum
2169 3350 2303 3401 attige-

1261 3400 1313 3437 rit
1330 3399 1372 3437 in
1394 3400 1448 3437 X,
1511 3400 1561 3444 Q.
1585 3412 1619 3437 e.
1668 3426 1678 3437 .

1321 3474 1383 3508 56.
1420 3472 1549 3508 Theor.
1583 3471 1659 3508 IV.
1704 3471 1942 3521 Subcangens
1971 3474 2236 3523 logaritkmica·
2256 3482 2307 3513 est

1270 3531 1459 3561 constans.
1522 3523 1735 3570 Capiantur
1761 3524 1866 3561 enim
1893 3525 2017 3563 ubivis
2035 3528 2074 3563 in
2093 3539 2163 3564 axe
2191 3527 2308 3574 parti-

1270 3575 1370 3613 culae
1394 3575 1559 3624 aequales
1582 3576 1875 3624 quamminimae
1896 3578 1944 3615 M
1963 3591 2016 3624 m,
2039 3579 2080 3616 N
2099 3591 2137 3624 n,
2159 3580 2309 3617 erectis-

175 3625 436 3672 quantitatum
454 3625 686 3673 dogm-immi,
717 3633 754 3664 et
779 3640 801 3664 a
822 3634 968 3676 puncto
996 3630 1081 3665 dato
1107 3635 1219 3666 rectae
1272 3641 1347 3677 que
1365 3628 1547 3665 ordinatis
1563 3628 1610 3665 M
1628 3627 1675 3674 P,
1691 3640 1731 3665 m
1746 3641 1783 3677 p,
1800 3637 1839 3667 et
1860 3631 1897 3668 N
1918 3631 1970 3676 Q,
1991 3644 2015 3667 n
2031 3644 2068 3681 q,
2089 3644 2155 3679 per
2168 3642 2313 3679 puncta

174 3675 343 3725 alicujus
379 3684 586 3716 sumantur
621 3679 870 3727 longitudines
907 3682 958 3718 eis
993 3681 1221 3729 logaritkmis
1279 3681 1314 3718 P
1332 3689 1371 3718 et
1393 3681 1433 3725 Q
1449 3680 1714 3728 concipiantur
1726 3689 1927 3732 tangentes
1949 3684 1984 3721 P
2001 3685 2048 3729 T,
2074 3685 2113 3727 Q
2131 3692 2147 3721 t
2165 3684 2226 3722 axi
2247 3698 2310 3723 oc-

178 3731 355 3777 aequales,
386 3731 481 3768 etin
499 3743 633 3768 earum
652 3739 813 3770 extremo
840 3734 1038 3781 erigantur
1059 3746 1222 3783 perpen-
1276 3741 1470 3770 currentes
1497 3734 1537 3770 in
1568 3733 1617 3779 T,
1636 3740 1676 3780 t;
1707 3733 1900 3773 ducantur
1928 3736 2042 3772 ctiam
2073 3747 2186 3774 rcctae
2221 3738 2257 3775 P
2280 3752 2312 3785 r,

177 3782 366 3821 diculames
384 3784 657 3834 quantitatibus
683 3798 852 3835 quarum
883 3793 1095 3826 sumuntur
1122 3789 1222 3836 loga·
1281 3787 1321 3831 Q
1338 3800 1368 3833 S,
1388 3785 1572 3825 ordinatis
1587 3798 1628 3824 m
1645 3799 1684 3836 p,
1705 3798 1732 3824 n
1750 3800 1776 3839 q
1793 3788 2135 3838 perpendiculares.
2182 3791 2313 3829 Evan-

1208 3855 1294 3896 A4
