2502 4192
134 241 319 299 Lmna
348 239 619 300 secessu]
673 231 1077 286 PRINCIPIA
1116 228 1733 284 MATHEMATICA.

500 447 979 503 PROPOSITIO
1019 447 1178 500 LIII.

2182 232 2285 278 313

1257 444 1712 498 THEOREMA
1750 443 1907 496 XLI.

141 599 382 664 Corpora,
412 612 520 663 quae
540 596 594 645 in
619 594 802 646 vortice
821 595 990 644 delata
1016 592 1070 642 in
1095 591 1255 642 orbem
1280 591 1501 653 redeunt,
1530 589 1738 657 ejusdem
1762 596 1876 640 sunt
1901 587 2164 639 densitatis
2183 605 2287 638 cum

211 686 410 746 vortice,
451 693 498 735 et
522 682 690 735 eadem
716 685 821 750 lege
845 701 949 733 cum
986 682 1140 749 ipsius
1153 679 1393 748 partibus,
1416 680 1582 747 quoad
1606 680 1910 730 velocitatem
1937 684 1985 728 et
2010 694 2176 728 cursus
2202 678 2287 727 de-

208 775 604 826 terminationem
629 779 895 824 moventur.

213 931 352 983 Nam
380 930 422 981 si
447 929 652 982 vorticis
677 947 799 998 pars
825 929 997 999 aliqua
1022 928 1225 1000 exigua,
1266 929 1411 997 cujus
1446 926 1715 996 particulae
1742 945 1832 979 seu
1856 935 2050 995 puncta
2074 923 2289 995 physica

142 1020 322 1071 datum
347 1027 553 1070 servant
578 1017 731 1069 situm
747 1017 882 1069 inter
907 1036 978 1080 se,
1008 1016 1270 1088 congelari
1296 1025 1647 1085 supponatur:
1685 1014 1817 1079 haec,
1847 1015 2093 1085 quoniam
2117 1031 2287 1083 neque

142 1180 298 1219 difficile
317 1180 366 1218 sit
383 1182 431 1218 ab
449 1180 508 1218 his
535 1180 696 1231 aliisque
723 1178 1087 1218 contradictionibus
1113 1179 1185 1229 hy-

142 1234 331 1284 pothesim
351 1234 540 1272 vorticum
568 1234 737 1278 liberare,
768 1247 814 1271 ex
835 1234 946 1270 variis
970 1231 1043 1270 hae
1069 1232 1118 1269 de
1145 1244 1187 1269 re

142 1288 382 1326 eruditorum
394 1287 721 1325 dissertationibus
740 1286 832 1324 satis
849 1286 1094 1323 manifestum
1115 1293 1183 1323 est.

147 1341 248 1379 Vide
269 1340 453 1379 Leibnitii
472 1348 666 1378 tentamen
686 1341 734 1377 de
756 1341 943 1377 Motuum
966 1338 1191 1377 coelestium

147 1394 304 1441 Causis3
323 1393 535 1431 Villemotii
549 1407 647 1442 opus
658 1393 706 1431 de
719 1393 959 1440 Vorticibus3
982 1391 1191 1430 illustrissi-

143 1448 198 1485 mi
220 1447 458 1485 Marchionis
490 1447 627 1486 Poleni
654 1446 854 1497 dialogum
873 1446 920 1483 de
940 1445 1073 1484 eadem
1101 1457 1182 1482 ma-

143 1500 262 1548 teria;
305 1501 602 1539 Dissertationes
628 1500 787 1537 celeber.
820 1500 989 1537 virorum
1030 1497 1184 1536 Saurini

142 1555 184 1591 in
201 1555 352 1592 Comm.
369 1554 491 1592 Acad.
510 1555 609 1604 Reg.
626 1553 765 1591 Scient.
782 1565 843 1590 an.
866 1557 997 1597 1709„
1017 1551 1185 1589 Bulffin-

142 1607 223 1659 geri
238 1606 286 1645 de
302 1606 428 1644 Causa
447 1607 666 1651 Gravitatis,
681 1605 1008 1645 Joan.Bernoulli
1029 1604 1186 1653 Cogita-

143 1662 267 1704 tiones
281 1660 412 1698 Novas
423 1659 471 1697 de
487 1661 699 1710 Systemate
713 1658 885 1704 Cartesii,
895 1657 1185 1709 ejusdemPhy-

144 1714 261 1751 sicam
280 1713 484 1751 Coelestem
504 1715 602 1751 inter
621 1711 841 1750 Academiae
853 1710 1186 1761 praemia,Domini

144 1767 193 1805 de
214 1766 399 1804 Molieres
421 1767 625 1804 Lectiones
648 1765 840 1814 PhysicaS.

199 1819 418 1858 Illustrium
436 1821 642 1857 authorum
661 1819 728 1869 qui
742 1818 930 1855 vorticum
944 1816 1186 1866 hypothesim

144 1871 299 1911 strenue
331 1872 586 1919 vindicarunt,
620 1873 742 1909 varias
768 1871 838 1908 heic
865 1870 914 1908 de
940 1883 980 1907 re
1007 1870 1183 1907 disserta-

144 1927 269 1964 tiones
295 1926 358 1963 hic
385 1938 604 1974 percurrere
631 1924 746 1961 nimis
771 1924 935 1974 longum
963 1923 1072 1969 foret,
1113 1936 1184 1961 nec

144 1987 270 2017 tantas
288 1989 517 2027 componere
532 1978 618 2017 lites
636 1986 809 2015 nostrum
827 1984 896 2015 est.
958 1977 1061 2014 Eam
1080 1976 1184 2013 enim

149 2034 365 2071 Newtonus
383 2032 453 2070 sibi
475 2032 534 2070 vel
559 2029 727 2069 maxime
750 2028 1055 2081 impugnandam
1075 2042 1182 2066 assu-

144 2086 216 2123 mit
248 2085 436 2123 vorticum
464 2084 707 2135 hypothesim
737 2097 854 2133 quam
885 2083 1079 2122 Cartesi'us
1105 2083 1188 2130 ipse

144 2139 404 2185 constituerat,
425 2147 608 2189 natasque
627 2146 712 2186 post
730 2136 842 2186 primi
861 2137 1004 2174 autoris
1023 2144 1188 2173 mortem

145 2193 266 2243 hujus
297 2193 510 2242 systematis
542 2191 828 2229 emendationes
858 2202 974 2239 quam
1002 2189 1188 2238 plurimas

145 2247 281 2283 saltem
309 2245 450 2283 directe
482 2259 560 2283 non
597 2244 702 2294 petit.
764 2246 820 2282 At
849 2243 1000 2281 silentio
1031 2250 1185 2291 praeter-

145 2300 299 2337 mittere
327 2312 404 2336 non
433 2300 522 2337 licet
548 2296 851 2336 dissertationem
878 2296 1087 2334 doctissimi
1115 2295 1186 2332 viri

146 2352 261 2391 Joan.
308 2353 519 2390 Bernoullii
556 2354 604 2390 ab
645 2349 858 2389 Academia
900 2348 1026 2401 Regia
1061 2349 1181 2387 Paris.

146 2407 306 2454 praemio
333 2405 633 2449 condecoratam,
664 2404 727 2442 cui
754 2404 891 2441 titulus
908 2411 985 2441 est:
1028 2402 1183 2451 Cogita-

147 2461 270 2496 tiones
302 2460 423 2496 Novae
442 2458 490 2496 de
512 2459 723 2508 Systemate
746 2456 918 2495 Cartesii.
976 2455 1185 2495 Existimat

146 2512 285 2550 clariss.
308 2521 419 2549 autor
437 2513 676 2561 superiorum
697 2510 1007 2559 Propositionum
1023 2509 1183 2547 demon-

147 2565 348 2603 strationes
381 2578 489 2603 mero
524 2564 755 2614 sophismate
782 2564 965 2609 laborare,
1002 2560 1050 2601 ed
1077 2555 1183 2613 qudd

148 2619 364 2657 Newtonus
391 2620 543 2657 orbium
569 2617 841 2669 contiguorum
873 2624 911 2654 et
937 2629 1017 2654 sese
1045 2623 1185 2653 mutuo

147 2672 393 2710 atterentium
430 2671 718 2721 impressionem
755 2669 882 2708 solum
911 2669 1104 2707 definierit
1135 2682 1183 2706 ex

146 2725 438 2774 superficierum
462 2724 728 2775 magnitudine
747 2731 786 2762 et
803 2723 1001 2761 velocitate
1028 2722 1183 2760 relativa

147 2778 224 2828 qua
242 2781 290 2817 ab
310 2778 471 2816 invicem
492 2786 733 2827 separantur3
762 2789 894 2815 earum
914 2775 1002 2814 vero
1022 2775 1181 2824 superfi-

148 2833 293 2869 cierum
321 2832 551 2880 pressionem
571 2829 730 2869 minime
749 2829 1053 2874 consideraverit,
1083 2829 1180 2866 vim-

147 2897 224 2935 que
243 2887 357 2923 vectis
370 2884 581 2935 neglexerit
598 2897 696 2935 quae,
718 2883 864 2921 caeteris
877 2883 1042 2932 paribus,
1062 2883 1185 2934 major

149 2946 206 2975 est
236 2938 278 2974 in
311 2938 518 2988 majoribus
548 2938 640 2975 rotis
671 2945 710 2976 et
736 2937 862 2974 minor
888 2937 930 2973 in
956 2936 1179 2974 minoribus.

152 2990 300 3029 Verum
311 2991 400 3029 licet
411 2992 451 3028 in
465 2991 544 3029 suis
555 2989 941 3029 demonstrationibus
951 2990 1185 3039 pressionem

148 3045 293 3095 ubique
321 3044 508 3094 aequalem
541 3044 784 3093 supposuerit
811 3044 1039 3090 Newtonus,
1067 3043 1185 3093 hujus

150 3106 279 3135 tamen
299 3098 500 3147 pressionis
513 3097 811 3147 inaequalitatem
830 3096 871 3133 in
890 3096 1034 3134 scholio
1061 3096 1185 3134 consi-

150 3150 307 3195 deravit,
327 3158 366 3189 et
379 3150 471 3202 quid
486 3163 532 3189 ex
544 3150 612 3188 illa
622 3159 813 3200 sequatur,
835 3149 1044 3200 generatim
1058 3157 1186 3188 osten-

150 3203 220 3241 dit.
280 3204 373 3241 Vim
409 3203 567 3254 quidem
598 3204 714 3242 vectis
750 3202 902 3252 prorsus
930 3202 1111 3254 neglexit,
1149 3209 1189 3242 et

150 3255 288 3295 merit&
305 3256 475 3306 quidem,
505 3264 695 3307 quantum
722 3255 937 3307 intelligere
965 3268 1182 3305 possumus-

155 3310 343 3354 Quamvis
361 3310 465 3347 enim
484 3309 524 3347 in
539 3317 645 3348 vecte
662 3309 796 3361 regido
810 3311 922 3361 cujus
934 3317 1059 3358 partes
1069 3309 1187 3347 simul

150 3362 300 3401 eodem·
314 3372 424 3401 motu
451 3363 626 3414 angulari
655 3361 756 3401 circa.
773 3362 1045 3412 hypomoclion
1063 3362 1185 3399 revol-

150 3424 306 3462 vuntur,
327 3415 374 3454 εό
393 3417 514 3468 major
529 3417 578 3454 sit
596 3416 764 3454 efficacia
782 3429 859 3467 quo
868 3415 1012 3454 caeteris
1029 3417 1185 3464 paribus

150 3468 302 3520 longior
321 3476 377 3507 est
395 3469 510 3507 vectis
524 3484 536 3516 ;
556 3466 660 3520 quod
674 3469 850 3508 videlicet
867 3469 983 3508 vectis
1000 3476 1125 3518 partes
1139 3468 1186 3507 ρό

150 3522 312 3561 celerius
329 3530 569 3569 moveantur,
588 3521 667 3573 quo
687 3522 808 3573 major
826 3530 884 3560 est
901 3535 1034 3560 earum
1053 3523 1100 3559 ab
1114 3523 1184 3571 hy-

149 3575 341 3623 pomoclio
373 3575 563 3621 distantia,
600 3576 641 3612 id
671 3584 802 3613 tamen
833 3575 883 3613 ad
911 3584 1037 3624 partes
1065 3575 1185 3612 medii

149 3627 260 3668 fluidi
290 3642 377 3679 quae
406 3627 506 3666 circa
537 3635 714 3667 centrum
740 3628 895 3679 aliquod
922 3628 1182 3673 revolvuntur,

149 3693 228 3718 non
247 3680 398 3719 videtur
416 3681 736 3719 transferendum.
794 3682 850 3720 Et
868 3682 957 3719 licet
970 3681 1185 3719 Newtonus

148 3735 258 3770 orbes
288 3733 443 3776 solidos.
481 3735 813 3773 demonstrationis
844 3735 977 3786 gratia,
1015 3733 1187 3783 primum

148 3786 282 3836 fingat,
314 3800 379 3824 eos
408 3796 536 3827 tamen
555 3788 695 3826 divisos
714 3790 896 3837 supponit
913 3800 957 3826 ac
980 3787 1118 3825 deinde
1146 3788 1187 3823 in

147 3840 351 3891 particulas
374 3841 597 3881 innumeras
625 3841 833 3881 subdividit
852 3848 896 3880 ut
913 3840 1187 3880 demonstratio

1240 1176 1291 1215 ad
1309 1183 1487 1215 naturam
1507 1175 1626 1214 medii
1646 1175 1753 1214 fluidi
1781 1174 2105 1213 accommodetur.
2168 1171 2289 1219 Quod

1241 1231 1271 1267 si
1293 1232 1342 1268 ob
1360 1231 1683 1281 qualemcumque
1702 1230 1868 1277 partium
1888 1228 1996 1266 fluidi
2012 1227 2286 1272 cohaesionum,

1243 1284 1373 1334 aliqua
1399 1284 1575 1321 habenda
1592 1284 1641 1320 sit
1658 1282 1755 1320 ratio
1774 1282 1832 1319 vis
1859 1282 1986 1325 vectis,
2017 1280 2118 1319 certe
2136 1294 2181 1318 ea
2208 1293 2289 1317 non

1245 1336 1397 1376 videtur
1429 1336 1659 1375 assumenda
1694 1335 1886 1374 distantiae
1918 1348 1942 1373 a.
1977 1335 2128 1372 vorticis
2155 1341 2287 1372 centro

1246 1389 1552 1438 proportionalis,
1586 1388 1918 1439 quemadmodum
1945 1387 1989 1425 fit
2006 1388 2046 1424 in
2066 1395 2172 1425 vecte
2199 1400 2286 1436 per·

1239 1443 1340 1482 fecte
1372 1443 1511 1493 rigido,
1542 1456 1611 1480 seu
1646 1443 1758 1493 cujus
1784 1451 1910 1491 partes
1937 1441 1974 1478 vi
1999 1441 2108 1492 quasi
2135 1439 2288 1478 mfinita

1241 1510 1426 1536 connexae
1452 1504 1725 1545 supponuntur
1743 1503 1782 1534 et
1800 1495 1937 1533 eodem
1964 1503 2077 1532 motu
2105 1494 2288 1546 angulari

1243 1551 1504 1589 revolvuntur.

1299 1601 1493 1648 Caeterum
1512 1602 1671 1641 celeber.
1688 1602 1716 1643 J
1718 1615 1805 1641 oan.
1823 1601 2026 1640 Bernoulli
2042 1600 2157 1639 aliam
2173 1613 2286 1638 usur·

1240 1663 1306 1705 pat
1332 1653 1574 1706 hypothesim
1592 1668 1681 1705 quae
1699 1655 1936 1693 mechanicis
1963 1662 2161 1703 perspecta
2180 1666 2279 1691 non-

1243 1708 1339 1747 dum
1371 1719 1428 1748 est
1464 1707 1644 1758 certdque
1679 1709 1888 1758 explorata.
1951 1708 2142 1756 Supponit
2177 1708 2284 1745 enim

1242 1775 1333 1800 cum
1356 1764 1407 1802 D.
1434 1764 1654 1799 Amontons
1671 1762 1712 1799 in
1735 1763 1917 1800 Monum.
1939 1761 2058 1799 Paris.
2074 1774 2135 1798 an.
2163 1766 2278 1800 1699.

1240 1816 1492 1854 resistentiam
1507 1828 1593 1865 quae
1605 1815 1726 1854 oritur
1742 1827 1788 1852 ex
1802 1815 1979 1852 frictione
1993 1814 2282 1863 superficierum

1241 1870 1515 1920 contiguarum
1546 1876 1759 1918 utcumque
1793 1868 2059 1918 inaequalium,
2098 1876 2281 1905 manente

1241 1922 1464 1960 earumdem
1484 1922 1525 1958 in
1544 1934 1625 1959 sese
1643 1919 1783 1960 mutu&
1801 1922 2007 1970 pressione,
2037 1928 2278 1958 constantem

1239 1988 1321 2012 esse
1334 1990 1345 2022 ;
1366 1974 1500 2013 verum
1519 1975 1738 2024 hypothesis
1754 1974 1819 2013 illa
1833 1973 1964 2012 minus
1978 1974 2121 2023 placuit
2133 1974 2277 2012 clariss.

1240 2029 1386 2066 Wolfio
1405 2029 1470 2079 qui
1490 2028 1538 2066 de
1557 2028 1602 2066 ea
1620 2028 1681 2065 his
1701 2028 1821 2067 verbis
1840 2028 2010 2077 loquitur
2028 2029 2068 2064 in
2091 2027 2279 2065 Elemen-

1243 2082 1293 2118 tis
1313 2082 1550 2120 Mechanicis
1569 2094 1677 2119 num.
1705 2087 1793 2120 965.
1844 2081 2040 2131 Equidem
2064 2083 2285 2118 Amontons

1241 2136 1418 2186 regulam
1437 2135 1692 2172 universalem
1720 2134 1826 2172 dedit
1853 2134 2103 2183 computandi
2126 2134 2204 2171 vim
2231 2134 2284 2172 ad

1243 2188 1460 2227 frictionem
1493 2188 1533 2225 in
1563 2188 1653 2225 dato
1681 2188 1853 2238 quolibet
1882 2200 1974 2225 casu
2010 2186 2281 2236 superandam,

1241 2241 1308 2279 sed
1327 2241 1418 2280 cum
1437 2254 1592 2280 omnem
1611 2241 1829 2279 frictionem
1846 2254 1868 2278 a
1881 2241 1961 2279 sola
1980 2241 2221 2290 appressioue
2235 2253 2284 2278 ex

1241 2295 1411 2343 pondere
1430 2294 1757 2344 superincedentis
1775 2295 1931 2340 derivet,
1952 2307 1998 2332 ex
2018 2294 2280 2332 antecedenti-

1243 2351 1313 2385 bus
1359 2350 1449 2386 satis
1492 2355 1649 2397 apparet
1692 2348 1797 2398 quod
1833 2347 2026 2396 proposito
2066 2348 2282 2385 satisfacere

1240 2410 1425 2452 nequeat:
1463 2414 1592 2439 veram
1619 2400 1806 2439 frictionis
1834 2403 1961 2451 legem
1988 2401 2282 2439 accuratissimis

1240 2455 1512 2504 experimentis
1547 2462 1744 2493 tentarunt
1788 2454 2023 2493 celeberrImi
2059 2454 2279 2503 philosophi

1244 2508 1505 2560 Desaguillier
1518 2515 1557 2546 et
1571 2508 1905 2555 Muschenbroek;
1925 2516 1965 2546 at
1976 2521 2059 2546 eam
2072 2508 2177 2545 haud
2189 2508 2280 2545 satis

1239 2570 1480 2600 constantem
1519 2563 1780 2607 observarunt,
1819 2569 1865 2599 ut
1895 2568 1999 2612 patet
2033 2574 2080 2599 ex
2109 2561 2156 2598 iis
2183 2574 2281 2611 quas

1241 2615 1556 2654 Muschenbroek
1577 2615 1689 2652 Tom.
1717 2616 1749 2653 Ι.
1781 2616 1963 2665 Physices
1989 2614 2187 2662 descripsit
2212 2627 2280 2652 ex-

1239 2670 1540 2719 perimentorum
1557 2668 1707 2707 tabulis.
1770 2669 1841 2707 Nil
1860 2667 1953 2720 ergd
1971 2669 2063 2706 certi
2082 2667 2155 2706 hac
2174 2668 2223 2705 de
2237 2680 2279 2706 re

1239 2722 1479 2772 pronuntiari
1498 2729 1634 2771 potest.
1695 2723 1912 2760 Newtonus
1929 2730 2059 2760 tamen
2078 2723 2278 2774 conjectu-

1237 2789 1321 2814 ram
1355 2775 1446 2814 fecit
1481 2776 1734 2813 resistentiam
1770 2777 1812 2813 in
1848 2775 1988 2814 minori
2019 2787 2101 2812 esse
2131 2774 2280 2813 ratione

1237 2829 1354 2880 quam
1375 2843 1418 2866 ea
1436 2829 1645 2867 velocitatis
1664 2836 1731 2875 est,
1764 2842 1811 2867 eo
1837 2831 1966 2867 forsan
1994 2829 2134 2867 ductus
2160 2841 2278 2879 argu-

1238 2892 1372 2920 mento
1402 2882 1506 2932 quod
1524 2882 1566 2919 in
1595 2882 1769 2921 Historia
1791 2884 1914 2921 Acad.
1944 2884 2043 2933 Reg.
2067 2894 2130 2920 an.
2158 2885 2273 2922 1709.

1239 2937 1313 2973 hoc
1332 2935 1410 2974 fere
1427 2935 1544 2974 modo
1563 2937 1787 2984 exponitur:
1813 2937 1845 2974 si
1863 2937 2128 2985 concipiantur
2145 2948 2279 2984 super-

1240 2990 1346 3027 ficies
1363 2989 1575 3027 innumeris
1593 2991 1810 3029 eminentiis
1828 3003 1982 3038 asperae,
2004 2989 2099 3026 dum
2118 2988 2194 3027 alia.
2212 3001 2278 3025 su-

1236 3047 1308 3093 ‘per
1325 3043 1439 3081 aliam
1458 3042 1612 3091 incedit,
1639 3043 1853 3092 superficiei
1881 3042 2085 3091 superioris
2103 3042 2277 3080 eminen-

1239 3097 1304 3134 tiae
1322 3095 1423 3135 intra
1440 3098 1618 3135 cavitates
1636 3096 1839 3142 iuferiorIS,
1861 3096 1952 3135 dato
1970 3104 2153 3144 tempore,
2171 3109 2275 3144 pres-

1241 3150 1361 3188 sionis
1387 3151 1423 3188 vi
1452 3157 1664 3199 penetrant,
1687 3149 1805 3201 fitque
1836 3149 2048 3188 resistentia
2080 3150 2215 3200 major,
2245 3149 2278 3186 si

1241 3202 1341 3240 intra
1359 3203 1569 3252 superficiei
1589 3203 1777 3241 inferioris
1803 3201 1982 3242 cavitates
2007 3202 2122 3240 altius
2148 3204 2277 3253 ingre-

1242 3255 1398 3294 diantur
1415 3253 1630 3306 superficiei
1648 3256 1851 3307 superioris
1870 3256 2102 3303 eminentiae,
2122 3263 2162 3294 at
2191 3253 2279 3293 verb

1241 3309 1273 3346 si
1300 3310 1423 3361 major
1441 3311 1491 3349 sit
1508 3309 1696 3354 velocitas,
1728 3311 1899 3358 superior
1930 3309 2151 3359 superficies
2177 3307 2279 3346 intra

1241 3362 1462 3401 inferiorem
1473 3362 1617 3401 'eodem
1637 3363 1728 3401 dato
1747 3372 1920 3413 tempore
1938 3362 2071 3401 minus
2088 3369 2275 3411 penetrat.

1244 3416 1354 3454 Hinc
1372 3416 1404 3454 si
1421 3417 1562 3455 clariss.
1591 3416 1763 3455 Parentii
1783 3418 1880 3455 ratio
1897 3417 2033 3463 valeat,
2055 3417 2144 3454 satis
2173 3422 2278 3464 patet

1239 3470 1494 3507 resistentiam
1530 3470 1572 3506 in
1608 3470 1748 3508 minori
1785 3483 1865 3509 esse
1900 3472 2047 3508 ratione
2079 3468 2197 3520 quam
2233 3482 2280 3507 ea

1241 3522 1449 3561 velocitatis
1463 3531 1531 3560 est.
1588 3524 1773 3561 Attamen
1789 3524 1929 3562 clariss.
1950 3522 2278 3568 Muschenbroek,

1238 3575 1348 3613 factis
1375 3576 1657 3624 experimentis,
1687 3578 1939 3615 resistentiam
1971 3575 2162 3614 velocitati
2190 3588 2281 3625 pro-

1238 3629 1492 3677 portionalem
1522 3629 1563 3666 in
1594 3630 1762 3668 motibus
1793 3630 2022 3668 tardioribus
2049 3629 2206 3675 invenit,
2239 3630 2282 3666 in

1238 3680 1483 3727 celerioribus
1502 3682 1590 3720 verd
1608 3696 1694 3721 eam
1712 3684 1754 3721 in
1772 3684 1908 3735 majori
1925 3682 2044 3733 quam
2071 3682 2282 3721 velocitatis

1240 3735 1387 3772 ratione
1405 3737 1627 3774 observavit.

1297 3787 1475 3826 Assumit
1495 3789 1548 3827 D.
1577 3790 1827 3829 Bernoullius
1845 3789 2111 3838 impressiones
2128 3788 2282 3827 orbium

1240 3841 1513 3895 contiguorum
1532 3843 1574 3880 in
1593 3856 1632 3882 se
1650 3843 1791 3884 mutuo
1810 3844 1940 3891 saetas,
1969 3857 2049 3882 csse
2077 3843 2118 3880 in
2137 3843 2284 3881 ratione
