2502 4192
728 304 1294 363 PHILOSOPHIAE
1336 306 1790 360 NATURALIS

218 318 319 365 156
1900 308 2077 373 [Mor.
2108 307 2360 359 Gomon..

211 454 358 506 simae
397 452 578 505 iisdem
620 451 939 521 temporibus
977 460 1299 520 peraguntur
1335 467 1395 501 ac
1431 450 1487 500 in
1528 449 1703 501 medio
1734 467 1842 501 non
1877 451 2162 513 resistente,
2203 449 2359 521 quam

208 541 463 610 proxime.
540 541 738 593 Earum
777 539 901 590 ver6
941 558 1058 609 quae
1094 540 1149 590 in
1185 538 1466 608 majoribus
1504 538 1725 590 arcubus
1768 538 1918 602 fiunt,
1963 550 2198 608 tempora
2240 551 2361 591 sunt

209 632 368 701 paul6
413 634 624 703 majora,
671 632 735 701 (d)
763 641 1039 700 propterea
1078 629 1221 699 quod
1261 628 1549 680 resistentia
1593 629 1648 679 in
1688 628 1942 680 descensu
1985 630 2217 698 corporis
2256 628 2357 699 qua

209 732 413 790 tempus
462 720 783 790 producitur,
837 720 897 789 (e)
937 720 1104 788 major
1146 719 1211 769 sit
1248 736 1347 786 pro
1391 718 1589 769 ratione
1629 717 1968 788 longitudinis
2009 717 2064 768 in
2108 717 2358 769 descensu

210 809 503 878 descriptae,
544 808 700 878 quam
725 808 1013 860 resistentia
1038 807 1092 858 in
1118 824 1334 858 ascensu
1373 806 1716 876 subsequente
1742 804 1843 875 qua
1869 816 2072 873 tempus
2098 805 2358 857 contrahi-

208 909 310 950 tur.
388 898 492 950 Sed
518 908 570 949 et
594 909 797 967 tempus
823 896 1202 949 oscillationum
1227 906 1334 948 tam
1358 896 1592 947 brevium
1631 894 1785 965 quam
1821 895 2096 965 longarum
2120 896 2358 947 nonnihil

208 987 432 1055 produci
471 986 676 1038 videtur
719 1004 814 1055 per
850 995 1050 1037 motum
1088 985 1262 1036 medii.
1340 983 1395 1053 (f)
1426 985 1563 1035 Nam
1606 983 1910 1052 corporibus
1949 982 2356 1035 tardescentibus

208 1077 367 1145 pau16
397 1077 568 1127 minus
608 1077 877 1139 resistitur,
917 1095 1015 1145 pro
1051 1077 1250 1128 ratione
1288 1076 1586 1138 velocitatis,
1632 1086 1710 1132 et.
1723 1076 2025 1144 corporibus
2064 1075 2357 1127 acceleratis

207 1164 368 1233 pauli)
392 1166 557 1235 magis
584 1164 740 1235 quam
765 1165 826 1217 iis
854 1184 971 1235 quae
995 1165 1319 1216 uniformiter
1333 1165 1767 1235 progrediuntur:
1795 1165 1951 1234 idque
1972 1165 2092 1234 quia
2108 1165 2355 1227 medium,

209 1272 273 1305 eo
298 1272 453 1323 quem
480 1273 510 1305 a
536 1254 840 1322 corporibus
866 1254 1063 1322 accepit
1078 1263 1238 1316 motu,
1267 1254 1321 1303 in
1341 1253 1557 1304 eandem
1573 1253 1781 1323 plagam
1800 1252 2083 1323 pergendo,
2111 1253 2166 1302 in
2185 1253 2359 1321 priore

209 1362 332 1395 casu
352 1345 516 1415 magis
537 1345 776 1415 agitatur,
804 1345 859 1394 in
874 1345 1161 1412 posteriore
1187 1345 1386 1405 minus3
1425 1363 1485 1394 ac
1508 1344 1729 1412 proinde
1754 1345 1917 1415 magis
1943 1345 2025 1395 vel
2043 1344 2213 1395 minus
2240 1362 2359 1395 cum

209 1431 516 1499 corporibus
541 1432 695 1483 motis
722 1431 999 1500 conspirat.
1082 1431 1330 1482 Pendulis
1372 1431 1529 1502 igitur
1566 1431 1620 1481 in
1660 1431 1910 1482 descensu
1947 1431 2112 1502 magis
2150 1431 2356 1494 resistit,

208 1521 263 1571 in
290 1538 505 1572 ascensu
530 1521 703 1572 minus
731 1519 887 1589 quam
911 1538 1009 1588 pro
1034 1520 1235 1571 ratione
1261 1519 1560 1582 velocitatiS,
1589 1529 1641 1571 et
1660 1538 1725 1571 ex
1750 1518 1966 1588 utraque
1989 1518 2141 1572 causa
2158 1529 2359 1588 tempus

209 1608 537 1677 producitur.

494 1817 966 1871 PROPOSITIO
1005 1816 1285 1877 XXVIII.
1363 1817 1815 1870 THEOREMA
1855 1818 2082 1870 XXIII.

210 1965 269 2017 Si
293 1965 493 2030 corpori
498 1963 851 2031 funependulo
877 1965 932 2014 in
956 1963 1171 2031 cycloide
1197 1963 1449 2013 oscillantz'
1483 1963 1734 2014 resistitur
1770 1965 1826 2013 z‘n
1861 1964 2060 2014 ratione
2100 1971 2360 2014 momento-

282 2073 390 2105 rum
433 2057 685 2121 temporiS,
730 2055 828 2106 erit
863 2053 964 2121 ejus
999 2055 1284 2105 resistentia
1320 2055 1391 2104 ad
1424 2054 1521 2104 vim
1558 2055 1834 2121 gravitatis
1875 2062 1930 2104 ut
1967 2071 2180 2105 excessus
2217 2053 2362 2106 arctis

287 2146 515 2196 descensu
549 2152 651 2194 toto
693 2144 930 2210 descripti
971 2161 1125 2209 supra
1160 2161 1329 2194 arcum
1353 2159 1555 2195 ascensu
1590 2143 1902 2210 subsequente
1937 2144 2252 2210 descriptum,
2292 2145 2364 2194 ad

273 2234 490 2299 penduli
515 2233 874 2299 longitudinem
894 2232 1213 2298 duplicatam.

285 2375 542 2444 Designet
569 2374 616 2425 B
646 2374 691 2427 C
718 2392 896 2425 arcum
921 2374 1171 2425 descensu
1196 2372 1527 2441 descriptum,
1560 2372 1662 2440 (ζει
1686 2390 1863 2423 arcum
1889 2358 2104 2424 ascensii
2132 2373 2361 2441 descrip-

209 2476 354 2527 tum3
382 2474 433 2516 et
461 2466 511 2516 A
538 2484 569 2515 a
594 2463 937 2516 differentiam
963 2481 1206 2515 arcuum:
1236 2472 1288 2514 et
1305 2461 1556 2513 stantibus
1578 2478 1694 2534 quae
1719 2462 1773 2512 in
1792 2461 2154 2530 Propositione
2171 2462 2359 2514 XXV.

218 2625 275 2645 =
298 2609 335 2647 T
354 2609 407 2661 ÷
425 2620 480 2646 x:
508 2608 545 2646 T
565 2608 618 2660 -Ι-
640 2620 675 2658 y,
711 2607 816 2646 unde
846 2619 915 2656 per
946 2605 1264 2655 compositionem

214 2661 410 2700 rationum
439 2662 634 2699 invenitur
661 2663 717 2698 v²
741 2662 779 2698 A
802 2661 837 2699 B
857 2682 911 2691 —
927 2674 969 2697 m
987 2673 1010 2697 v
1034 2661 1070 2696 A
1095 2661 1133 2697 A
1157 2660 1192 2697 B
1212 2681 1265 2691 --

216 2713 1263 2778 vaBB÷m2AABB(siveV2-A‘BT-x‘n‘v“m'f3

220 2791 1183 2892 ><1-¹-¹¹-33-)adv²AB-va2B=
1199 2820 1260 2860 Τ·

224 2942 260 2980 Τ
275 2942 328 2994 -ξ-
341 2955 382 2992 y,
402 2940 531 2992 itaque
543 2939 584 2978 in
598 2940 724 2990 primo
738 2939 902 2979 termino
916 2939 1094 2990 neglecto
1107 2963 1161 2973 —
1173 2907 1266 3011 Ἓξ

221 3028 346 3079 (quod
364 3026 515 3066 infinite
528 3038 690 3076 parvum
704 3024 937 3075 supponitur
950 3027 1000 3063 ob
1013 3026 1265 3078 exiguitatem

220 3093 333 3119 arcus
372 3082 405 3119 B
437 3088 484 3119 ut
519 3087 558 3118 et
593 3079 816 3129 quantitatis
851 3091 892 3116 m
921 3087 1096 3127 respectu
1127 3079 1170 3129 v)
1199 3079 1266 3118 fiet

220 3132 1262 3185 v²AB-vaAB:v²AB-vaAB=.-T:T·{··y;

221 3194 281 3225 est
298 3199 392 3238 ergo
412 3189 449 3226 T
467 3203 524 3224 =
547 3187 583 3225 T
601 3187 655 3247 -ᾗ-
673 3198 710 3236 y,
730 3186 809 3225 sive
822 3193 976 3234 tempus
985 3186 1028 3223 in
1042 3186 1171 3225 medio
1185 3199 1265 3224 non

219 3240 418 3279 resistente
435 3240 540 3279 idem
557 3253 603 3278 ac
620 3252 663 3277 111
680 3239 810 3278 medio
827 3238 1024 3277 resistente
1041 3239 1159 3290 quam
1178 3252 1266 3289 pro-

220 3291 337 3331 xime.

279 3346 356 3385 Sed
375 3346 628 3384 oscillatioues
643 3346 685 3383 in
703 3345 833 3384 medio
850 3358 931 3383 non
951 3346 1148 3385 resistente
1174 3353 1267 3385 sunt

220 3400 447 3444 isochronae,
480 3399 570 3437 hinc
603 3413 695 3450 ergo
726 3399 981 3438 oscillationes
1006 3401 1197 3438 breviores
1223 3400 1266 3437 in

220 3453 352 3491 medio
365 3453 560 3491 resistente
579 3453 628 3490 ad
646 3454 715 3490 has
728 3451 844 3503 quam
859 3454 1032 3502 proxime
1046 3453 1268 3492 accedentes

223 3506 369 3544 caeteris
387 3514 480 3544 sunt
496 3505 620 3556 magis
636 3506 860 3544 isochronae.
924 3507 974 3552 Q.
998 3519 1030 3544 ε.
1054 3507 1094 3545 d.

281 3561 334 3612 (d)
360 3563 378 3585 ⁴*
403 3563 606 3609 Propterea
636 3562 736 3609 quod
765 3561 976 3599 resistentia
1003 3562 1046 3599 in
1073 3563 1265 3608 descensu,

223 3615 293 3652 διο.
355 3614 446 3658 Quo
477 3613 600 3664 major
630 3619 687 3649 est
715 3612 940 3657 resistentia,
978 3612 1025 3652 e6
1058 3614 1185 3652 minor
1211 3613 1266 3659 fit,

226 3666 373 3705 caeteris
400 3667 566 3715 paribus
596 3665 764 3713 corporis
792 3664 1057 3704 descendentis
1076 3667 1267 3714 velocitas,

224 3727 264 3757 et
284 3719 383 3765 ide6,
402 3726 583 3758 manente
601 3717 805 3755 descensus
832 3717 1088 3769 longitudine,
1116 3728 1268 3769 tempus

225 3785 294 3832 per
313 3773 565 3810 resistentiam
585 3770 829 3820 producitur3
860 3778 897 3808 et
915 3780 1060 3819 contra,
1090 3772 1168 3824 qu6
1186 3787 1267 3812 ma-

219 3825 283 3875 jor
300 3834 357 3863 est
375 3826 602 3886 resistentia,
631 3822 678 3862 06
696 3823 808 3862 citius
826 3824 1066 3876 extinguitur
1091 3826 1270 3867 velocitas

225 3880 375 3927 corpori
393 3878 508 3918 insita
526 3878 567 3917 in
584 3890 757 3917 ascensu.

1371 2604 1430 2656 (⁶)
1452 2607 1473 2628 '¹‘
1497 2603 1628 2653 Major
1645 2606 1693 2643 sit
1707 2618 1778 2654 pro
1798 2606 1945 2644 ratione
1958 2606 2217 2655 longitudinis.
2252 2605 2360 2643 Lon-

1316 2657 1454 2709 gitudo
1481 2657 1521 2694 in
1549 2657 1733 2695 descensu
1760 2658 1949 2706 descripta
1980 2671 2130 2707 semper
2155 2659 2278 2709 major
2305 2666 2362 2697 est

1317 2709 1434 2761 quam
1449 2710 1653 2761 longitudo
1665 2710 1854 2759 descripta
1867 2711 1907 2747 in
1919 2723 2077 2749 ascensu
2090 2713 2359 2762 subsequente,

1318 2764 1350 2802 si
1368 2764 1540 2802 medium
1558 2763 1696 2802 resistit
1707 2778 1719 2811 ;
1740 2762 1832 2802 cum
1846 2763 2200 2814 longitudinesfillae
2218 2765 2259 2802 in
2278 2777 2360 2802 me-

1319 2816 1384 2856 dio
1402 2830 1481 2854 non
1500 2817 1695 2855 resistente
1713 2817 1789 2855 sint
1807 2817 1973 2868 aequales
1992 2820 2074 2869 (92.
2098 2818 2185 2855 Lib.
2211 2818 2245 2856 1.
2254 2817 2284 2867 ).

1376 2871 1427 2923 (f)
1451 2874 1472 2895 ²*
1496 2873 1606 2910 Nam
1624 2872 1838 2921 corporibus
1857 2872 2161 2917 tmdesccnfibus,
2176 2883 2243 2908 seu
2262 2883 2360 2921 quo-

1320 2936 1408 2962 rum
1429 2924 1608 2962 velocitas
1626 2924 1811 2962 continuo
1829 2923 2022 2969 decrescit,
2042 2932 2087 2961 ut
2105 2924 2148 2962 fit
2166 2923 2206 2960 in
2225 2936 2360 2972 corpo-

1320 2990 1410 3015 rum
1429 2990 1602 3024 ascensu,
1623 2976 1742 3027 paulo
1759 2976 1891 3014 minus
1908 2976 2107 3023 resistitur,
2128 2989 2199 3025 pro
2213 2977 2361 3014 ratione

1319 3030 1551 3078 velocitatis3
1574 3038 1612 3068 et
1625 3030 1847 3080 corporibus
1865 3029 2094 3074 acceleratis,
2115 3043 2183 3068 seu
2202 3030 2359 3068 descen-

1319 3083 1509 3128 dentibus,
1544 3082 1662 3132 paulo
1692 3083 1815 3134 magis
1845 3082 2030 3121 resistitur
2055 3081 2174 3133 quam
2200 3083 2247 3121 iis
2272 3096 2361 3133 quae

1317 3137 1562 3176 uniformiter
1572 3136 1883 3187 progrediuntur.
1932 3136 1984 3173 In
1997 3136 2122 3184 priore
2136 3136 2240 3173 enim
2254 3149 2359 3182 casu,

1318 3190 1493 3228 medium
1523 3203 1570 3228 eo
1600 3202 1716 3240 quem
1749 3203 1772 3227 a
1802 3190 2025 3237 corporibus
2059 3189 2207 3237 accepit
2234 3197 2359 3235 motu,

1319 3256 1512 3294 quemque
1541 3242 1765 3293 aliquandiu
1793 3244 1843 3280 ob
1868 3242 2044 3279 inertiam
2073 3241 2240 3279 materiae
2268 3255 2360 3280 con-

1320 3303 1454 3344 servat,
1474 3296 1515 3333 in
1529 3296 1705 3333 eamdem
1716 3295 1869 3346 plagam
1883 3295 2007 3345 pergit
2021 3308 2110 3332 cum
2126 3295 2359 3344 corporibuS,

1320 3356 1358 3387 et
1384 3352 1434 3388 ob
1460 3348 1684 3387 validiorem
1717 3350 1766 3387 ab
1796 3348 1907 3385 initio
1931 3347 2059 3386 motus
2084 3349 2266 3386 continue
2292 3347 2360 3385 de·-

1319 3402 1521 3441 crescentis
1534 3409 1728 3450 acceptam
1743 3401 2030 3450 impressionem
2043 3401 2168 3451 magis
2181 3401 2360 3450 agitatur,

1320 3468 1365 3493 ac
1365 3455 1544 3516 proinde
1561 3455 1684 3507 magis
1697 3455 1887 3505 conspirat
1900 3467 1991 3493 cum
2004 3455 2224 3503 corporibus
2234 3453 2359 3497 motis,

1320 3508 1586 3559 minoremque
1604 3509 1651 3546 iis
1669 3508 1921 3547 resistentiam
1948 3507 2090 3558 objicit.
2151 3508 2208 3545 At
2234 3506 2275 3544 in
2302 3519 2361 3543 se-

1322 3562 1452 3600 cundo
1487 3574 1578 3600 casu
1609 3575 1701 3600 cum
1732 3569 1861 3600 motus
1896 3568 2081 3611 perpetuo
2116 3560 2360 3606 acceleretur,

1322 3615 1496 3654 medium
1514 3628 1561 3653 ex
1589 3616 1779 3664 prioribus
1805 3615 1943 3653 ictibus
1969 3626 2049 3652 non
2075 3613 2164 3651 satis
2190 3612 2361 3650 velocem

1322 3677 1474 3706 motum
1501 3669 1658 3717 accepit,
1687 3676 1725 3706 et
1750 3667 1839 3706 ide6
1857 3671 1941 3719 ejirs
1958 3665 2130 3705 celeritas
2153 3666 2262 3703 novis
2287 3665 2361 3702 im-

1320 3721 1496 3770 pulsibus
1531 3722 1715 3760 continuo
1750 3720 1930 3771 augenda
1956 3727 2013 3758 est
2043 3726 2088 3757 ut
2116 3719 2234 3768 possit
2269 3729 2361 3756 cum

1322 3776 1546 3823 corporibus
1564 3774 1677 3813 motis
1695 3774 1938 3823 conspirare;
1957 3772 2123 3822 hincque
2141 3771 2363 3821 corporibus

1321 3828 1539 3865 acceleratis
1565 3827 1704 3866 resistit
1720 3826 1844 3877 magis
1861 3825 1976 3876 quum
2005 3825 2248 3864 uniformiter
2274 3835 2362 3873 pro-

1324 3880 1596 3932 gredientibus
1641 3879 1827 3919 Pendulis
1844 3879 1962 3930 igitur
1979 3878 2020 3916 in
2039 3879 2225 3918 descensu
2240 3879 2365 3928 magis
