2502 4192
1153 559 1272 618 DE

566 780 975 861 MoTU
1035 777 1869 907 CORPORUM

834 1002 1096 1059 LIBER
1128 982 1592 1086 SECUNDUS.

1016 1451 1321 1518 SECTIO
1365 1453 1414 1511 Ι.

240 1613 334 1694 (⁴⁸)
365 1615 465 1679 De
491 1625 646 1675 motu
677 1634 978 1693 corporum
1006 1617 1205 1694 quibus
1229 1616 1514 1677 resistitur
1540 1617 1599 1702 in
1628 1616 1851 1675 ratione
1872 1614 2197 1675 velocitatis.

220 1817 232 1841 ι
504 1799 567 1852 (⁹¹¹)
599 1798 826 1839 LEMMA

248 1906 451 1947 Gener-ales
467 1909 685 1947 resistentia>
702 1906 868 1951 notiones
885 1919 1082 1958 exywnens.

197 2017 230 2055 1,
265 2013 358 2051 Non
376 2020 499 2062 potest
524 2026 662 2065 corpus
679 2012 722 2050 in
739 2012 869 2051 medio
895 2013 1016 2052 fluido
1042 2015 1187 2053 moveri

141 2073 255 2116 atque
273 2066 313 2103 in
332 2066 432 2104 illud
451 2080 574 2119 agere,
596 2066 691 2118 quin
710 2079 756 2105 ex
776 2066 886 2104 fluidi
901 2067 1092 2105 reactione
1112 2068 1191 2106 vim

143 2132 213 2157 seu
239 2119 492 2158 resistentiam
519 2121 690 2174 aliquam
717 2120 893 2168 patiatur.
955 2121 1026 2158 Vis
1044 2121 1111 2159 illa
1129 2135 1190 2161 re-

140 2173 332 2216 sistentiae‚
375 2173 670 2223 proportionalis
697 2180 754 2211 est
780 2172 1024 2212 decremento
1061 2174 1190 2213 motfis

141 2226 246 2276 quod
265 2226 356 2263 dato
374 2234 546 2276 tempore
565 2234 736 2278 generat,
764 2233 802 2264 et
825 2226 930 2264 illius
948 2227 1105 2265 directio
1132 2228 1191 2269 di.

140 2279 300 2318 rectioni
331 2279 484 2319 mobilis
513 2292 665 2330 semper
690 2279 863 2330 opposita
890 2287 948 2318 est
976 2282 1063 2332 (per
1083 2282 1184 2322 Μυῒ.

145 2332 243 2383 Leg.
261 2336 296 2369 2.
321 2340 359 2377 et
379 2332 439 2382 3.)
492 2333 735 2382 Quapropter
752 2332 841 2371 data
861 2332 1030 2382 corporis
1049 2335 1187 2381 massa,

139 2385 352 2424 resistentia
378 2394 436 2425 est
461 2393 506 2424 ut
533 2385 745 2424 velocitatis·
768 2385 1057 2425 decrementum
1084 2388 1190 2438 quod

140 2437 231 2475 dato
249 2446 420 2488 tempore
437 2439 638 2488 producit3
659 2438 748 2477 data
763 2440 867 2477 enim
880 2440 1033 2483 mobilis
1050 2441 1186 2488 massa,

141 2490 269 2529 motfis
295 2491 584 2535 decrementum
602 2499 658 2531 est
676 2499 721 2531 ut
738 2492 1027 2531 decrementum
1047 2494 1188 2533 veloci-

140 2544 230 2582 tatis
249 2546 305 2597 (6.
321 2544 408 2584 Lib.
431 2546 487 2595 1.)

195 2602 232 2637 2.
276 2598 347 2635 Vis
374 2597 597 2637 resistentiae
631 2612 748 2649 quam
784 2607 983 2645 momento
1018 2600 1189 2650 quolibet

143 2652 326 2699 temporis
354 2652 546 2700 experitur
572 2665 710 2701 corpus
729 2660 800 2690 est
824 2660 870 2691 ut
896 2653 1026 2691 motus
1057 2653 1189 2693 decre-

139 2710 317 2752 mentum
335 2704 476 2743 directe
495 2713 533 2743 et
550 2706 732 2755 temporis
755 2714 998 2744 momentum
1025 2707 1185 2746 inverse.

144 2757 252 2794 Nam
278 2758 489 2796 resistentia
515 2758 607 2796 dato
633 2759 817 2808 temporis
843 2767 1042 2798 momento
1060 2768 1117 2798 est
1142 2769 1189 2800 ut

140 2808 269 2847 motus
300 2809 589 2849 decrementum
622 2810 765 2850 directe
794 2812 856 2863 (1)
886 2820 923 2850 et
950 2813 1042 2862 dato
1059 2814 1188 2855 motus

141 2861 385 2911 decremento
411 2871 468 2903 est
494 2863 640 2902 inverse
665 2871 711 2903 ut
736 2873 980 2903 momentum
1006 2868 1189 2916 temporis

140 2927 219 2965 quo
247 2915 375 2953 motus
407 2916 696 2955 decrementum
731 2926 947 2969 generatur.
1010 2920 1050 2957 Si
1082 2920 1188 2957 enim

139 2968 334 3017 subduplo
353 2969 413 3008 vel
440 2970 627 3019 subtriplo
646 2971 826 3019 temporis
843 2979 1054 3019 momento,
1084 2972 1190 3011 idem

141 3021 270 3059 motus
289 3021 570 3061 incrementum
587 3023 648 3061 vel
666 3023 955 3066 decrementum
970 3033 1187 3077 generetur,

142 3073 199 3112 vis
216 3087 403 3127 generans
422 3075 549 3124 dupla·
558 3085 626 3114 aut
643 3076 756 3126 tripla
774 3084 844 3115 est.

192 3134 231 3168 5.
267 3130 377 3168 Hinc
395 3128 484 3169 data
502 3129 668 3180 corporis
681 3130 819 3178 massa,
838 3131 1052 3170 resistentia
1070 3139 1127 3171 est
1143 3140 1190 3171 ut

141 3182 349 3221 velocitatis
381 3182 670 3223 decrementum
699 3183 842 3223 directe
872 3193 911 3223 et
945 3194 1189 3224 momentum

142 3236 323 3284 temporis
339 3235 498 3275 inverse.

195 3292 237 3325 4.
270 3289 468 3333 Quoniam
486 3290 646 3329 directio
660 3290 718 3328 vis
731 3289 966 3338 resistentiae,
987 3290 1189 3329 directioni

142 3340 295 3378 mobilis
322 3340 509 3380 contraria
526 3351 583 3381 est
604 3343 680 3394 (1),
703 3355 843 3391 corpus
861 3343 942 3381 sola
961 3344 997 3380 vi
1015 3344 1130 3382 insita
1147 3344 1190 3381 in

142 3394 272 3431 medio
290 3395 488 3433 resistente
505 3403 669 3442 motum,
689 3408 757 3444 per
775 3404 920 3434 rectam
937 3397 1080 3434 lineam
1099 3410 1191 3435 con-

142 3446 253 3484 tinuo
271 3447 403 3493 fertur,
424 3447 527 3496 quod
546 3446 660 3486 etiam
680 3448 830 3487 evenire
848 3449 986 3487 debere
1004 3450 1186 3488 manifes-

143 3506 228 3537 tum
255 3508 322 3545 est,
356 3500 386 3537 si
416 3513 554 3548 eorpus
580 3501 617 3537 vi
644 3501 815 3551 qualibet
840 3502 1101 3540 acceleratrice
1127 3504 1188 3541 vel

143 3553 397 3596 retardatrice‚
437 3553 655 3590 secundum
686 3554 746 3591 vel
775 3554 909 3593 contra
939 3555 1189 3594 directionem

142 3604 271 3643 motus
289 3605 393 3642 insiti
410 3613 607 3654 urgeatur.
865 3618 868 3622 ·
983 3652 987 3654 4
1051 3620 1059 3624 “

195 3661 231 3696 5.
268 3658 501 3696 Resistentia
518 3657 746 3697 considerari
774 3666 900 3711 potest
920 3669 1105 3711 tanquam
1131 3660 1189 3699 vis

142 3710 339 3748 retardans
369 3719 407 3749 et
439 3723 530 3749 cum
566 3711 604 3748 vi
639 3712 836 3762 gravitatis
858 3714 949 3763 ‘qua
983 3726 1189 3762 corporum

145 3762 433 3802 ascendentium
451 3772 580 3803 motus
597 3763 783 3814 perpetuo
800 3765 990 3805 minuitur
1007 3767 1184 3805 conferri.

85 3838 87 3842 ι
149 3815 222 3853 Vis
248 3815 354 3853 enim
379 3816 603 3856 resistentiae
630 3817 730 3857 sicut
746 3818 803 3857 vis
828 3819 1023 3870 gravitatis
1039 3819 1190 3865 infinite

196 3867 295 3906 vox..
322 3868 383 3906 ΙΙ.
1180 3872 1221 3911 A

1246 1813 1363 1850 parva
1381 1808 1448 1845 est,
1478 1802 1509 1839 si
1529 1800 1747 1839 conferatur
1773 1810 1864 1838 cum
1890 1798 1928 1836 vi
1955 1797 2023 1835 illa
2049 1796 2127 1847 qua
2147 1811 2287 1847 corpus
2344 1835 2351 1842 ,

1248 1863 1360 1892 motu
1375 1854 1484 1893 finito
1498 1855 1629 1900 cietur,
1651 1868 1720 1893 seu
1738 1853 1816 1904 qua
1827 1852 1992 1902 spatium
2006 1851 2161 1888 finitum
2177 1851 2287 1889 finito

1246 1916 1419 1957 tempore
1455 1908 1644 1947 describit.
1701 1908 1807 1945 Nam
1843 1907 1874 1943 si
1909 1904 2152 1965 resistentiae·
2168 1917 2287 1954 quam

1245 1962 1351 1999 omni
1367 1963 1549 2010 temporis
1563 1969 1763 1999 momento
1781 1959 1926 2009 patitur
1944 1970 2095 2006 corpus,
2116 1970 2174 1996 v1s
2189 1966 2287 1996 esset

1239 2014 1359 2059 finita,
1382 2015 1460 2052 sive
1478 2015 1651 2066 ejusdem
1670 2014 1819 2065 generis
1834 2025 1925 2050 cum
1939 2011 1977 2048 vi
1993 2011 2098 2048 finita
2113 2012 2281 2059 corporis

1245 2075 1355 2105 motu
1368 2068 1478 2106 finito
1493 2069 1577 2112 acti,
1595 2068 1747 2106 infinita
1756 2064 1970 2105 multitudo
1983 2064 2286 2102 resistentiarum

1245 2129 1604 2159 momentanearum
1615 2122 1727 2159 finito
1746 2120 1881 2171 quovis
1898 2125 2072 2165 tempore
2086 2120 2284 2165 producta,

1246 2181 1372 2212 totum
1409 2175 1578 2223 corporis
1613 2182 1767 2212 motum
1802 2172 1911 2210 finito
1941 2171 2114 2221 quolibet
2142 2170 2285 2221 exiguo

1246 2234 1417 2277 tempore
1436 2228 1688 2278 extingueret,
1717 2226 1824 2278 quod
1842 2232 1899 2264 est
1916 2221 2049 2263 contra
2063 2225 2179 2283 hyp„
2207 2224 2285 2273 qua

1243 2283 1499 2330 supponimus
1513 2282 1679 2331 corporis
1696 2288 1847 2318 motum
1867 2287 2039 2326 tempore
2053 2277 2183 2327 aliquo
2196 2277 2284 2314 fini-

1244 2340 1285 2371 to
1303 2335 1344 2371 in
1362 2334 1492 2373 medio
1511 2336 1707 2373 resistente
1725 2345 1975 2384 perseverare.

1297 2393 1334 2427 6.
1370 2388 1479 2426 Hinc
1499 2388 1665 2437 corporis
1684 2388 1726 2425 in
1742 2387 1872 2425 medio
1889 2385 2086 2423 resistente
2104 2384 2200 2421 moti
2219 2397 2283 2422 ve-

1241 2440 1375 2480 locitas
1393 2442 1503 2479 finita
1521 2455 1589 2491 per
1607 2442 1775 2490 spatium
1792 2437 1944 2478 infinite
1968 2449 2138 2486 parvum,
2168 2444 2284 2487 atque

1241 2495 1358 2532 etiam
1390 2502 1561 2544 tempore
1592 2493 1744 2532 infinite
1776 2506 1892 2542 parvo
1917 2490 2114 2542 aequabilis
2138 2491 2284 2529 censeri

1242 2556 1381 2596 potest,
1402 2548 1579 2599 neglecto
1598 2547 1784 2585 nimirum
1801 2544 1954 2584 infinite
1971 2556 2088 2594 parvo
2102 2544 2282 2583 velocita-

1241 2601 1290 2639 tis
1308 2601 1564 2640 decremento.

1295 2657 1333 2694 7.
1365 2655 1456 2694 Jam
1484 2654 1575 2693 vero
1600 2654 1814 2693 resistentia
1839 2665 2042 2703 corporum
2069 2651 2108 2688 in
2138 2651 2278 2698 fluidis,

1242 2708 1388 2746 caeteris
1405 2709 1574 2757 paribus,
1594 2708 1716 2746 oritur
1733 2708 1873 2756 partim
1891 2719 1938 2743 ex
1956 2704 2169 2747 tenacitate,
2192 2717 2280 2752 par-

1241 2761 1314 2799 tim
1333 2774 1380 2799 ex
1398 2762 1587 2808 frictione,
1617 2770 1655 2799 et
1668 2761 1812 2811 'partim
1831 2774 1878 2798 ex
1896 2759 2088 2797 reactione
2111 2758 2281 2805 partium

1241 2814 1372 2860 medii,
1403 2822 1554 2865 tresque
1581 2822 1673 2852 sunt
1699 2814 1923 2853 celebriores
1949 2812 2049 2850 circa
2075 2811 2192 2861 hujus
2217 2823 2278 2848 re-

1242 2868 1421 2906 sistentiae
1439 2868 1564 2918 legem
1583 2869 1824 2918 hypotheses,
1853 2878 2017 2917 quarum
2037 2864 2279 2924 mathemati-

1241 2933 1305 2958 cas
1331 2921 1622 2971 consequentias
1650 2922 1867 2959 Newtonus
1892 2921 1965 2956 hoc
1989 2918 2086 2955 libro
2105 2924 2274 2964 exponlt.

1245 2973 1301 3011 1²².
1355 2974 1593 3024 Hypothesis
1635 2974 1890 3012 resistentiam
1933 2971 2044 3020 ponit
2088 2969 2279 3007 velocitati

1243 3028 1410 3076 corporis
1428 3027 1506 3065 dati
1526 3026 1863 3077 proportionalem,
1884 3023 2052 3063 secunda
2069 3023 2279 3060 velocitatis

1202 3109 1204 3116 ,
1240 3080 1438 3130 quadrato,
1473 3088 1513 3119 et
1538 3080 1650 3118 tertia
1675 3080 1812 3129 partim
1842 3077 2045 3123 velocitati,
2074 3084 2112 3114 et
2138 3076 2278 3124 partim

1241 3133 1449 3171 velocitatis
1467 3132 1664 3183 quadrato.
1718 3134 1910 3171 Praeterea
1927 3130 2018 3169 cum
2036 3129 2277 3188 experimen-

1241 3187 1290 3223 tis
1319 3186 1368 3224 sit
1399 3187 1601 3238 cognitum
1630 3194 1778 3235 partem
1809 3184 2019 3236 quamdam
2054 3182 2277 3220 resistentlae

1241 3238 1452 3277 fluidorum
1483 3239 1720 3277 uniformem
1745 3251 1838 3285 esse,
1872 3235 2158 3276 considerandae
2187 3242 2277 3273 sunt

1242 3299 1409 3342 quatuor
1427 3293 1512 3330 aliae
1539 3293 1779 3342 hypotheseS‚
1812 3291 1854 3328 in
1881 3301 2047 3341 quarum
2073 3287 2198 3337 prIma
2217 3301 2277 3348 re-

1243 3344 1414 3383 sistentia
1432 3345 1603 3396 fingatur
1621 3345 1848 3391 uniformis;
1882 3344 1925 3380 in
1951 3341 2121 3381 secunda
2139 3350 2277 3401 partim

1245 3398 1448 3435 uniformis
1467 3408 1506 3436 et
1522 3398 1662 3447 partim
1680 3397 1872 3436 velocitati
1891 3394 2206 3445 proportionalis;
2234 3405 2276 3429 m

1239 3450 1352 3488 tertia
1370 3451 1509 3499 partim
1533 3450 1737 3489 uniformis
1754 3458 1793 3490 et
1810 3449 1949 3498 partim
1977 3456 2022 3487 ut
2046 3446 2275 3506 quadratum

1240 3503 1459 3547 velocitatis,
1490 3511 1528 3542 et
1546 3504 1587 3540 in
1605 3504 1742 3553 quarta
1767 3503 1934 3553 denique
1960 3501 2100 3551 partim
2127 3499 2276 3558 unifor-

1240 3557 1326 3601 mis,
1356 3558 1495 3605 partim
1513 3564 1559 3594 ut
1576 3556 1769 3603 velocitas,
1790 3563 1828 3594 et
1847 3555 1984 3604 partim
2003 3562 2048 3592 ut
2067 3552 2276 3589 velocitans

1240 3609 1485 3660 quadratum.
1529 3609 1661 3647 Prima
1679 3622 1726 3647 ex
1743 3609 1803 3646 his
1820 3617 1986 3668 quatuor
2003 3604 2290 3655 hypothesibus

1232 3653 1338 3699 *nihil
1355 3664 1469 3701 habet
1486 3662 1731 3707 difficultatis,
1760 3674 1852 3700 cum
1868 3659 2072 3700 uniformis
2098 3658 2275 3695 resisten-

1241 3715 1296 3753 tia
1309 3715 1539 3753 considerari
1566 3715 1685 3764 possit
1697 3722 1882 3766 tanquam
1906 3714 2070 3764 gravitas
2098 3718 2275 3747 constans

1242 3767 1333 3806 ciim
1351 3776 1502 3806 motum
1521 3768 1761 3806 ascendentis
1787 3768 1954 3816 corporis
1980 3763 2166 3826 retardat3
2198 3763 2275 3812 quii

1242 3820 1292 3860 de
1318 3833 1360 3859 re
1377 3821 1466 3861 satis
1484 3829 1614 3860 actum
1639 3829 1698 3859 est
1727 3820 1815 3859 Lib.
1844 3824 1877 3857 1.
1900 3827 1977 3857 tres
1995 3829 2083 3855 vero
2099 3828 2188 3867 quae
2213 3828 2275 3854 se-
