2502 4192
256 304 356 349 134
802 299 1368 353 PHILOSOPHIAE
1391 300 1859 384 *NATURALIS
1939 304 2121 368 [Mo'r.
2146 304 2396 357 Conpon-

328 444 489 494 Corol.
520 450 568 495 5.
648 443 878 495 Proinde
905 461 1091 512 corpus
1117 444 1259 513 quod
1285 442 1524 511 specifice
1548 444 1756 514 gravius
1782 455 1861 496 est
1886 446 2042 515 quam
2057 447 2276 498 fluidum
2303 431 2400 498 sibi

253 536 572 606 contiguum,
603 535 907 598 subsidebit,
937 546 989 587 et
1015 537 1154 604 quod
1183 534 1421 604 specifice
1446 535 1609 585 levius
1636 545 1713 586 est
1739 537 1994 599 ascendet,
2023 548 2324 607 motumque
2349 549 2402 589 et

250 627 434 697 figurae
471 627 810 679 mutationem
849 637 1208 696 consequetur,
1251 636 1502 695 quantum
1541 643 1779 676 excessus
1804 626 1890 677 ille
1914 626 1997 678 vel
2022 628 2251 678 defectus
2278 646 2401 696 gra-

249 718 418 769 vitatis
445 718 647 769 efficere
671 717 851 786 possit.
930 718 1171 785 Namque
1207 735 1445 768 excessus
1482 716 1569 767 ille
1597 717 1675 768 vel
1701 716 1929 768 defectus
1964 719 2219 769 rationem
2244 719 2402 770 habet

247 807 518 877 impulsus,
550 827 653 878 quo
679 801 884 877 corpus,
926 808 1052 859 alias
1078 813 1132 858 in
1158 808 1447 877 aequilibrio
1474 827 1592 860 cum
1611 808 1758 859 fluidi
1782 809 2015 877 partibus
2043 810 2398 873 constitutum,

249 910 495 968 urgetur;
533 907 584 948 et
610 897 901 965 comparari
933 907 1105 965 potest
1131 916 1249 948 cum
1276 915 1491 948 excessu
1529 897 1611 949 vel
1649 897 1853 949 defectu
1890 898 2136 966 ponderis
2162 899 2215 949 in
2253 900 2401 951 lance

251 987 496 1039 alterutra
517 987 681 1038 librae.

325 1081 484 1131 Corol.
514 1088 562 1131 6.
642 1079 939 1148 Corporum
964 1079 1124 1149 igitur
1149 1080 1203 1130 in
1222 1080 1394 1131 fluidis
1422 1079 1821 1131 constitutorum
1848 1080 2047 1148 duplex
2064 1089 2141 1131 est
2157 1080 2398 1150 gravitas,

249 1172 408 1222 altera
433 1190 555 1222 vera
581 1181 632 1222 et
657 1171 910 1234 absoluta,
939 1170 1100 1222 altera
1125 1189 1398 1239 apparens,
1438 1171 1666 1241 vulgaris
1693 1182 1745 1221 et
1771 1171 2134 1239 comparativa.
2215 1171 2402 1222 Gravi-

248 1272 325 1311 tas
361 1259 597 1311 absoluta
623 1270 700 1311 est
724 1260 800 1310 vis
826 1269 935 1311 tota
960 1259 1061 1329 qua
1089 1278 1277 1328 corpus
1316 1260 1561 1310 deorsum
1598 1259 1794 1310 tendit:
1837 1260 2050 1311 relativa
2086 1269 2138 1310 et
2174 1260 2402 1330 vulgaris

249 1360 324 1402 est
367 1370 607 1403 excessus
646 1352 910 1422 gravitatis
949 1370 1053 1421 quo
1091 1369 1279 1419 corpus
1317 1350 1481 1421 magis
1517 1350 1685 1401 tendit
1722 1349 1966 1401 deorsum
2005 1369 2160 1420 quam
2184 1350 2404 1400 fluidum

248 1440 496 1491 ambiens.
576 1441 773 1492 Prioris
799 1440 1004 1511 generis
1023 1439 1276 1511 gravitate
1300 1449 1475 1508 partes
1501 1438 1784 1490 fluidorum
1801 1449 1852 1489 et
1868 1457 2146 1507 corporum
2172 1439 2402 1489 omnium

246 1532 507 1602 gravitant
532 1532 587 1582 in
612 1532 742 1584 locis
770 1532 906 1584 suis:
948 1532 1171 1602 ideoque
1198 1531 1484 1599 conjunctis
1510 1529 1827 1598 ponderibus
1854 1540 2174 1597 componunt
2197 1529 2403 1598 pondus

247 1621 419 1671 totius.
499 1621 637 1672 Nam
664 1631 832 1673 totum
858 1640 1013 1673 omne
1037 1640 1197 1692 grave
1224 1631 1317 1683 est,
1359 1631 1417 1671 ut
1442 1621 1495 1670 in
1520 1621 1654 1671 vasis
1680 1619 1942 1689 liquorum
1979 1620 2148 1687 plenis
2176 1620 2401 1688 experiri

245 1712 393 1773 licet3
437 1723 488 1764 et
511 1713 718 1781 pondus
745 1714 903 1769 totius
939 1713 1139 1784 aequale
1166 1722 1244 1765 est
1268 1711 1587 1781 ponderibus
1626 1711 1859 1762 omnium
1895 1711 2138 1779 partium,
2181 1709 2403 1779 ideoque

246 1820 312 1852 ex
331 1801 516 1853 iisdem
537 1803 883 1871 componitur.
961 1802 1193 1854 Alterius
1231 1801 1438 1872 generis
1475 1800 1729 1871 gravitate
1767 1818 1988 1867 corpora
2011 1818 2119 1850 non
2144 1784 2402 1869 gravitant

245 1892 299 1941 in
340 1891 466 1943 locis
510 1893 631 1955 suis,
683 1894 738 1944 id
783 1904 876 1956 est,
924 1895 1059 1945 inter
1097 1912 1152 1945 se
1190 1893 1378 1944 collata
1413 1910 1520 1942 non
1558 1902 1905 1963 praegravant,
1961 1891 2052 1942 sed
2101 1900 2309 1941 mutuos
2335 1890 2402 1941 ad

245 1981 668 2034 descendendum
695 1994 909 2035 conatus
935 1982 1271 2052 impedientia
1295 1991 1603 2050 permanent
1626 1981 1683 2031 in
1708 1980 1835 2031 locis
1863 1980 1982 2042 suis,
2022 1978 2239 2047 perinde
2266 1997 2325 2029 ac
2353 1978 2399 2029 si

242 2071 422 2139 gravia
445 2090 553 2123 non
591 2083 778 2125 essent.
858 2073 995 2134 Quae
1020 2073 1074 2123 in
1094 2075 1223 2124 ‘a'ere'
1246 2081 1367 2123 sunt
1393 2081 1445 2122 et
1469 2088 1576 2121 non
1615 2079 1960 2140 praegravant,
2000 2068 2185 2139 vulgus
2224 2068 2402 2138 gravia

244 2179 349 2209 non
368 2161 584 2229 judicat.
665 2162 802 2223 Quae
826 2172 1159 2232 praegravant
1183 2161 1368 2231 vulgus
1394 2160 1572 2231 gravia
1589 2159 1805 2228 judicat,
1836 2158 2088 2229 quatenus
2115 2158 2246 2210 aeris
2270 2178 2401 2227 pon-

243 2250 367 2301 dere
393 2270 500 2302 non
527 2254 863 2304 sustinentur.
943 2253 1187 2305 Pondera
1214 2252 1355 2323 vulgi
1379 2252 1510 2302 nihil
1530 2251 1672 2303 aliud
1697 2262 1817 2303 sunt
1842 2250 1997 2321 quam
2035 2269 2275 2302 excessus
2314 2269 2401 2301 ve-

243 2360 421 2393 rorum
445 2344 740 2412 ponderum
768 2363 924 2413 supra
947 2345 1155 2413 pondus
1182 2344 1330 2395 ae'ris.
1410 2343 1570 2396 Unde
1595 2353 1647 2394 et
1670 2342 1828 2413 vulgo
1854 2343 2097 2393 dicuntur
2115 2341 2263 2404 levia,
2284 2360 2401 2411 quae

243 2440 363 2481 sunt
388 2432 558 2484 minus
583 2433 777 2504 gravia,
807 2434 1016 2503 a'e'rique
1041 2433 1391 2504 praegravanti
1416 2432 1652 2484 cedendo
1679 2432 1947 2500 superiora
1969 2442 2171 2500 petunt.
2240 2431 2399 2483 Com-

240 2520 470 2587 parative
496 2521 630 2573 levia
658 2532 796 2586 sunt,
824 2540 933 2573 non
959 2521 1097 2585 vere,
1128 2522 1248 2591 quia
1273 2521 1597 2573 descendunt
1621 2522 1676 2571 in
1701 2539 1880 2572 vacuo.
1960 2521 2048 2573 Sic
2085 2532 2137 2573 et
2173 2522 2228 2572 in
2265 2520 2398 2591 aqua

242 2629 477 2679 corpora,
508 2631 625 2682 quae
646 2613 715 2664 ob
740 2614 990 2682 majorem
1015 2614 1098 2664 vel
1123 2613 1378 2664 minorem
1411 2613 1716 2683 gravitatem
1741 2612 2063 2663 descendunt
2103 2612 2184 2664 vel
2220 2631 2398 2664 ascen-

240 2700 387 2763 dunt,
429 2713 549 2754 sunt
589 2703 937 2772 comparative
963 2714 1015 2756 et
1040 2714 1351 2773 apparenter
1387 2704 1569 2775 gravia
1593 2703 1676 2754 vel
1700 2703 1848 2766 levia,
1890 2713 1942 2754 et
1966 2722 2147 2754 eorum
2172 2704 2396 2774 gravitas

240 2791 321 2841 vel
358 2792 538 2844 levitas
577 2795 928 2863 comparativa
965 2805 1016 2847 et
1054 2814 1311 2864 apparens
1349 2805 1428 2847 est
1464 2813 1703 2846 excessus
1741 2794 1824 2845 vel
1861 2793 2089 2846 defectus
2135 2814 2239 2864 quo
2275 2814 2398 2846 vera

240 2901 421 2934 eorum
458 2885 682 2954 gravitas
709 2885 792 2938 vel
818 2896 1025 2955 superat
1060 2886 1367 2957 gravitatem
1403 2904 1568 2956 aquae,
1609 2884 1692 2937 vel
1716 2885 1783 2936 ab'
1808 2883 1866 2936 ea
1894 2895 2180 2953 superatur.
2258 2886 2395 2948 Quae

240 2973 363 3024 vero
390 2992 486 3026 nec
511 2976 891 3046 praegravando
917 2977 1258 3040 descendunt,
1299 2996 1397 3029 nec
1431 2976 1781 3047 praegravanti
1818 2976 2052 3027 cedendo
2089 2976 2390 3041 ascendunt,

242 3062 441 3113 etiamsi
467 3065 600 3114 veris
626 3065 729 3116 suis
754 3065 1075 3133 ponderibus
1097 3065 1391 3137 adaugeant
1414 3067 1620 3136 pondus
1648 3065 1819 3128 totius,
1849 3065 2196 3134 comparative
2217 3075 2391 3118 tamen

241 3161 291 3201 et
316 3151 370 3201 in
396 3171 550 3204 sensu
587 3155 730 3226 vulgi
767 3173 872 3206 non
906 3155 1168 3226 gravitant
1192 3155 1247 3207 in
1273 3155 1423 3225 aqua.
1501 3155 1640 3207 Nam
1661 3154 1838 3206 similis
1863 3165 1941 3206 est
1964 3154 2154 3205 horum
2179 3173 2391 3206 casuum

240 3241 627 3295 demonstratio.
2326 3300 2335 3321 ἢ

313 3333 475 3384 Corol.
506 3340 553 3388 7.
635 3335 773 3396 Quae
799 3336 865 3388 de
890 3337 1142 3408 gravitate
1180 3337 1618 3399 demonstrantur,
1664 3335 1900 3387 obtinent
1936 3335 1991 3386 in
2027 3334 2138 3387 aliis
2177 3334 2389 3404 quibus-

243 3442 445 3493 cunque
470 3424 664 3477 viribus
692 3428 1006 3496 centripetis.

314 3517 480 3566 Corol.
511 3523 558 3566 8.
636 3516 865 3570 Proinde
892 3520 934 3571 si
960 3520 1207 3583 medium,
1230 3520 1285 3571 in
1312 3540 1415 3590 quo
1441 3539 1630 3589 corpus
1657 3520 1868 3590 aliquod
1903 3528 2155 3582 movetur,
2199 3537 2385 3589 urgea-

236 3616 321 3657 tur
346 3606 427 3658 vel
453 3625 483 3657 a
508 3606 759 3676 gravitate
784 3611 1015 3679 propria,
1044 3612 1126 3663 vel
1153 3612 1219 3663 ab
1245 3611 1344 3663 alia
1372 3612 1679 3682 quacunque
1704 3613 1755 3662 vi
1782 3610 2080 3680 centripeta,
2121 3621 2173 3662 et
2197 3627 2385 3677 corpus

237 3697 303 3747 ab
330 3696 509 3749 eadem
536 3699 586 3748 vi
611 3709 858 3769 urgeatur
882 3702 1094 3764 fortius3
1142 3703 1431 3756 differentia
1455 3704 1641 3755 virium
1666 3713 1744 3755 est
1768 3704 1844 3755 vis
1869 3702 1957 3753 illa
1980 3702 2189 3764 motrix‚
2229 3718 2384 3770 quam

237 3787 291 3838 in
331 3789 745 3856 praecedentibus
788 3792 1242 3861 Propositionibus
1284 3806 1341 3847 ut
1390 3797 1492 3847 vim
1544 3797 1879 3865 centripetam
1930 3793 2382 3846 consideravimus,
