2502 4192
176 288 363 340 LIBER
382 286 654 348 SncuNn]
710 283 1111 337 PRINCIPIA
1151 281 1766 336 MATHEMATICA.
2218 288 2321 338 197
2389 295 2392 296 ’

169 426 506 501 quantitatem
541 425 856 494 imprimant,
904 434 954 476 et
990 424 1211 476 vicissim
1250 427 1366 493 (per
1392 422 1564 475 motus
1599 423 1771 495 legem
1808 422 2035 487 tertiam)
2062 423 2315 492 aequalem

165 520 231 572 ab
257 520 437 572 eadem
462 519 775 571 reactionem
800 519 1077 588 patiantur,
1104 518 1206 569 hoc
1226 527 1317 579 est,
1345 517 1611 587 aequaliter
1627 515 1958 567 resistantur:
1986 512 2315 565 manifestum

164 619 243 661 est
267 609 420 661 etiam
446 609 587 679 quod
611 610 664 660 in
691 608 921 679 ejusdem
946 607 1209 659 densitatis
1234 606 1406 658 fluidis
1444 605 1680 668 elasticiS,
1721 604 1812 656 ubi
1844 600 2163 654 velocissime
2200 619 2313 653 mo·

161 710 360 763 ventur,
400 700 624 769 aequales
651 700 956 769 sintneorum
989 698 1291 749 resistentiae
1329 714 1484 766 quam
1509 693 1775 764 proxime;
1816 693 1922 744 sive
1945 691 2106 743 fluida
2130 690 2220 741 illa
2245 710 2308 742 ex

158 789 422 860 particulis
449 791 784 842 crassioribus
810 798 1063 851 constent,
1093 789 1198 840 sive
1218 806 1287 839 ex
1304 787 1535 839 omnium
1553 784 1894 838 subtilissimis
1913 782 2308 834 constituantur.

159 880 243 932 Ex
259 880 416 931 medii
435 881 713 933 subtilitate
728 879 1017 932 resistentia
1034 877 1374 948 projectilium
1394 875 1660 928 celerrime
1680 886 1941 927 motorum
1960 889 2068 924 non
2086 871 2308 923 multum

156 969 476 1021 diminuitur.
1166 1013 1168 1015 .

229 1060 390 1110 Corol.
420 1066 469 1111 6.
546 1055 686 1109 Haec
710 1056 884 1107 omnia
909 1057 981 1107 ita
1009 1074 1063 1107 se
1087 1053 1283 1106 habent
1307 1055 1361 1105 in
1385 1054 1575 1116 fluidis,
1617 1069 1839 1122 quorum
1877 1052 1953 1104 vis
1989 1052 2199 1105 elastica
2237 1070 2303 1103 ex

151 1148 520 1219 particularum
561 1146 752 1199 viribus
779 1146 1077 1217 centrifugis
1104 1146 1359 1216 originem
1384 1144 1541 1196 ducit.
1620 1142 1781 1204 Quod
1807 1142 1851 1194 si
1877 1142 1951 1194 vis
1977 1142 2066 1194 illa
2092 1142 2303 1194 aliunde

152 1240 366 1301 oriatur,
406 1238 564 1290 veluti
602 1256 667 1289 ex
703 1238 1074 1306 particularum
1109 1237 1428 1305 expansione
1453 1235 1521 1286 ad
1546 1235 1704 1286 instar
1746 1234 1881 1285 lanae
1918 1234 2000 1285 vel
2038 1252 2304 1285 ramorum

155 1332 420 1394 arborum,
448 1339 537 1381 aut
561 1348 627 1380 ex
653 1328 750 1380 alia
779 1328 957 1399 quavis
984 1327 1152 1391 causa,
1193 1327 1293 1398 qua
1320 1337 1490 1379 motus
1515 1325 1885 1395 particularum
1920 1326 2054 1377 inter
2092 1344 2146 1376 se
2184 1325 2304 1376 red-

150 1421 344 1474 duntur
379 1420 548 1472 minus
585 1420 761 1471 liberi:
808 1419 1111 1482 resistentia,
1149 1420 1218 1471 ob
1244 1420 1497 1470 minorem
1522 1417 1679 1470 medii
1705 1418 2028 1481 fluiditatem,
2070 1418 2167 1470 erit
2192 1436 2300 1469 ma-

140 1513 228 1582 jor
252 1511 408 1581 quam
432 1510 487 1562 in
512 1509 863 1578 superioribus
892 1508 1207 1561 CorollariiS.

367 1718 874 1773 .PRoi³os1T10
913 1718 1191 1771 XXXIV.
1269 1692 1722 1771 THEOREMA
1763 1717 2043 1771 XXVIII.

143 1882 202 1934 Si
220 1879 395 1949 globus
419 1889 467 1933 et
491 1883 744 1950 cylindrus
768 1884 1040 1951 (equalibus
1066 1886 1325 1937 diametris
1350 1887 1603 1953 descripti,
1634 1889 1689 1938 in
1714 1891 1874 1940 medio
1899 1908 2021 1941 raro
2045 1910 2105 1942 ex
2121 1894 2295 1958 parti-

213 1972 335 2021 culis
359 1971 632 2039 cequalibns
657 1979 705 2022 et
729 1973 800 2023 ad
820 1975 1033 2041 aequales
1057 1973 1121 2024 ab
1147 1975 1352 2026 invicem
1387 1976 1659 2028 distantias
1695 1976 1851 2029 libere*
1889 1981 2143 2046 dispositis
2179 2000 2294 2032 con·

212 2069 389 2124 stante,
417 2060 675 2113 secundam
691 2064 900 2132 plagam
925 2066 1038 2116 axis
1058 2067 1292 2134 cylindri,
1332 2070 1518 2136 oequali
1541 2087 1646 2120 cum
1671 2072 1930 2122 velocitate
1966 2083 2255 2125 moveantar
2275 2098 2291 2125 .-

210 2153 309 2203 erit
332 2153 615 2204 resistentia
636 2154 776 2221 globi
801 2156 952 2222 duplo
976 2157 1138 2208 minor
1163 2156 1308 2226 quam
1333 2160 1618 2212 resistentia
1645 2163 1879 2230 cylindri.

211 2291 349 2345 Nam
385 2294 629 2363 quoniam
667 2295 801 2347 actio
837 2297 995 2349 medii
1032 2299 1085 2350 in
1123 2318 1310 2369 corpus
1337 2301 1517 2354 eadem
1544 2313 1622 2355 est
1660 2308 1776 2374 (per
1800 2306 1978 2378 legum
2007 2308 2184 2362 Corol.
2215 2312 2288 2376 5.)

138 2384 242 2436 sive
281 2403 467 2454 corpus
505 2386 559 2437 in
595 2388 770 2440 medio
808 2390 1099 2460 quiescente
1135 2403 1418 2457 moveatur,
1464 2395 1570 2447 sive
1609 2396 1767 2448 medii
1802 2400 2071 2467 particulae
2105 2400 2288 2454 eadem

138 2469 547 2529 cum'velocitate
587 2476 649 2548 (¹¹)
677 2461 966 2551 impingant
990 2483 1044 2532 in
1070 2501 1258 2552 corpus
1284 2485 1454 2555 quies-

139 2582 281 2616 cens:
301 2566 683 2620 consideremus
701 2588 888 2639 corpus
904 2581 1150 2642 tanquam
1168 2574 1450 2643 quiescens,

138 2663 190 2705 et
208 2653 477 2726 yideamus
522 2676 625 2728 quo
667 2659 862 2729 impetu
902 2662 1172 2732 urgebitur
1210 2683 1241 2715 a
1281 2664 1452 2716 medio

136 2754 390 2796 movente.
465 2745 721 2819 Designet
762 2750 920 2820 igitur
966 2752 1011 2801 A
1045 2751 1092 2803 Β
1121 2752 1173 2803 Κ
1201 2753 1227 2805 Ι
1265 2772 1452 2823 corpus

137 2830 447 2900 sphaericum
473 2847 653 2889 centro
683 2838 727 2890 C
754 2839 1159 2893 semi-diametro
1189 2843 1233 2895 C
1261 2844 1311 2896 A
1337 2845 1452 2897 des-

136 2920 374 2990 criptum,
404 2934 455 2975 et
473 2923 703 2982 incidant
719 2928 987 2996 particulae
1012 2933 1168 2984 medii
1194 2933 1312 2986 data
1333 2954 1452 2987 cum

133 3010 401 3063 velocitate
426 3013 481 3064 in
507 3032 693 3084 corpus
731 3017 861 3069 illud
900 3020 1230 3088 sphaericum,
1272 3043 1454 3077 secun-

134 3099 260 3151 dum
297 3112 461 3154 rectas
499 3103 597 3172 ipsi
628 3106 676 3157 A
706 3106 751 3158 C
788 3109 1086 3176 parallelas:
1133 3112 1299 3182 sitque
1328 3114 1372 3166 F
1400 3115 1447 3167 B

135 3191 383 3260 ejusmodi
410 3205 564 3248 recta.
638 3198 703 3250 In
729 3198 788 3251 ea
816 3202 1047 3270 capiatur
1092 3203 1132 3256 L
1153 3205 1212 3256 B
1250 3206 1657 3259 semi-diametro
1686 3207 1731 3259 C
1761 3208 1807 3260 B
1833 3208 2061 3278 aequaliS,
2108 3217 2158 3260 et
2184 3208 2280 3261 du-

134 3291 279 3333 catur
306 3283 352 3334 Β
379 3284 434 3336 D
461 3305 578 3356 quae
604 3289 861 3358 sphaeram
888 3303 1067 3365 tangat
1092 3295 1145 3345 in
1174 3295 1236 3347 B.
1313 3298 1376 3349 In
1407 3298 1459 3349 K
1490 3298 1534 3350 C
1561 3308 1615 3350 et
1643 3299 1689 3350 Β
1716 3299 1771 3351 D
1798 3299 2137 3351 demittantur
2160 3319 2280 3369 per-

133 3371 492 3439 pendiculares
519 3377 565 3428 B
587 3378 651 3442 E,
681 3380 728 3431 L
748 3381 820 3444 D,
850 3392 902 3434 et
926 3383 1001 3434 vis
1028 3383 1128 3453 qua
1154 3387 1407 3453 particula
1431 3388 1605 3451 medii,
1635 3387 1923 3440 secundum
1943 3401 2136 3441 rectam
2166 3390 2210 3441 F
2232 3390 2279 3441 Β

135 3459 341 3530 oblique
381 3462 675 3529 incidendo,
719 3467 933 3538 globum
969 3471 1087 3524 ferit
1124 3473 1177 3524 in
1219 3475 1280 3538 B,
1322 3476 1419 3527 erit
1444 3477 1509 3527 ad
1536 3478 1640 3528 vim
1667 3477 1768 3547 qua
1807 3481 2061 3547 particula
2097 3480 2279 3532 eadem

135 3546 425 3617 cylindrum
453 3551 503 3603 O
533 3553 585 3604 Ν
613 3554 666 3606 G
694 3555 748 3617 Q
773 3575 872 3610 axe
897 3560 947 3610 A
978 3560 1023 3611 C
1051 3561 1077 3612 Ι
1104 3562 1241 3614 circa
1277 3563 1490 3634 globum
1530 3565 1845 3635 descriptum
1883 3569 2278 3638 perpendicula-

188 3689 247 3742 (ι)
279 3690 544 3753 ““.Ῑηι])ἰηὲαπε
575 3697 617 3735 in
649 3711 786 3748 corpus
821 3703 1031 3750 quiescens.
1097 3702 1178 3741 Ea·
1235 3704 1485 3743 manifestum
1521 3714 1579 3746 est
1613 3721 1682 3758 per
1716 3710 1845 3748 motfis
1880 3712 1955 3761 leg.
1993 3717 2031 3749 3.
2066 3712 2155 3762 quia
2191 3712 2279 3751 flui.

137 3738 226 3779 dem
254 3756 356 3781 emm
376 3755 432 3785 est
450 3748 492 3785 in
511 3756 675 3799 utroque
703 3764 794 3789 casu
828 3753 1007 3792 velocitas
1033 3768 1180 3804 respec-
1235 3759 1332 3795 dum
1369 3767 1409 3796 ct
1443 3772 1582 3809 corpus
1618 3764 1668 3801 ob
1704 3764 1935 3801 reactionem
1972 3765 2112 3802 actioni
2149 3779 2281 3817 aequa-

135 3795 225 3842 tiva,
268 3796 476 3857 eademque
513 3802 674 3850 proinde
711 3804 767 3841 vis
804 3808 1059 3854 percussionis
1097 3812 1183 3860 (per
1235 3811 1311 3848 lem
1333 3820 1371 3850 et
1390 3814 1632 3862 contrariam,
1661 3815 1700 3853 in
1720 3824 1884 3866 utroque
1911 3830 2003 3855 casu
2022 3818 2062 3856 in
2082 3832 2122 3857 se
2140 3819 2280 3860 mutu&

134 3845 234 3886 dem.
284 3862 325 3887 m
374 3852 462 3892 Cor.
506 3857 542 3894 5.
594 3856 670 3907 leg.
713 3859 832 3908 mot.)
879 3860 981 3898 idem
1028 3874 1181 3913 quoque
1234 3873 1367 3914 agunt.

1167 3933 1255 3972 NS
