2502 4192
240 265 340 310 182

775 257 1340 329 PHlLOSOPHIAE
1371 257 1821 310 NATURALIS
1917 256 2098 321 [Mor.
2132 256 2382 307 Gomon.

235 410 475 453 manente
519 398 843 471 longitudine
882 397 1031 449 arcus
1075 397 1334 465 descripti,
1381 405 1658 467 augeretur
1681 397 1737 447 in
1762 396 1959 448 ratione
1990 403 2087 449 126
2116 396 2181 447 ad
2212 399 2346 461 1225

236 502 440 560 tempus
467 489 797 543 oscillationis
823 498 1116 559 augeretur,
1145 498 1197 539 et
1214 488 1455 539 velocitas
1480 488 1695 556 penduli
1715 488 2087 540 diminueretur
2106 488 2160 538 in
2179 488 2379 539 ratione

243 579 329 630 illa
356 576 729 646 subduplicata,
770 585 1002 627 maneret
1038 574 1162 626 vero
1203 577 1416 627 arcuum
1441 576 1694 628 descensu
1720 586 1771 628 et
1796 570 2138 647 subsequente
2164 595 2379 627 ascensu

239 670 614 738 descriptorum
639 666 927 718 differentia
952 675 1002 729 O,
1025 671 1182 721 4475.
1240 666 1449 718 Deinde
1475 667 1517 718 si
1542 686 1688 719 arcus
1714 666 2001 735 descriptus
2027 676 2301 737 augeretur
2320 667 2374 716 in

235 760 433 810 ratione
475 757 643 821 1243}
668 756 735 807 ad
760 761 827 810 67
833 761 880 823 ὲ,
923 754 1212 806 differentia
1235 754 1334 806 ista
1358 764 1408 818 O,
1428 760 1568 810 4475
1615 757 1678 825 (d)
1707 765 1983 826 augeretur
2023 757 2079 814 in
2106 741 2376 825 ⁴duplicata

234 850 322 900 illa
348 849 560 911 ratione,
599 847 819 915 ideoque
846 845 1085 897 evaderet
1115 853 1160 909 1,
1185 852 1344 899 5295.
1425 846 1564 898 Haec
1600 847 1673 898 ita
1711 822 1766 899 se
1802 848 2071 911 haberent,
2117 867 2185 900 ex
2212 848 2378 917 hypo-

214 938 366 1005 thesi
393 936 532 1007 quod
557 935 844 987 resistentia
869 934 1083 1003 penduli
1099 945 1233 986 esset
1257 935 1311 985 in
1337 934 1598 1003 duplicata
1625 936 1825 988 ratione
1858 936 2156 988 velocitatis.
2233 937 2377 1006 Ergo

237 1030 277 1079 si
302 1027 589 1097 pendulum
613 1026 929 1078 describeret
953 1045 1130 1077 arcum
1156 1036 1321 1078 totum
1352 1028 1520 1092 12435—1-
1546 1018 1844 1099 digitorum,
1883 1038 1935 1081 et
1970 1028 2244 1099 longitudo
2269 1029 2377 1096 ejus

236 1119 370 1170 inter
394 1126 647 1187 punctum
672 1117 1024 1185 suspensionis
1051 1127 1102 1168 et
1126 1128 1360 1169 centrum
1398 1119 1726 1171 oscillationis
1765 1130 1899 1172 esset
1939 1128 2038 1174 126
2078 1121 2376 1191 digitorum,

235 1208 523 1259 differentia
567 1225 780 1257 arcuum
824 1205 1076 1258 descensu
1114 1217 1165 1259 et
1204 1208 1547 1278 subsequente
1580 1229 1795 1262 ascensu
1832 1212 2206 1280 descriptorum
2248 1210 2380 1260 foret

242 1305 286 1359 1,
326 1303 463 1349 5295
503 1296 820 1367 digitorum..
880 1296 951 1347 Et
985 1295 1100 1347 haec
1137 1296 1426 1348 differentia
1462 1298 1618 1350 ducta
1641 1300 1695 1350 in
1719 1300 1924 1368 pondus
1966 1299 2111 1370 globi
2147 1297 2376 1366 penduli,

237 1387 376 1456 quod
403 1396 513 1438 erat
531 1386 808 1437 'unciarum
834 1392 956 1448 208,
983 1386 1226 1454 producit
1255 1394 1376 1449 318,
1409 1395 1526 1440 136.
1606 1390 1809 1440 Rursus
1851 1389 1942 1440 ubi
1979 1387 2266 1457 pendulum
2296 1405 2380 1437 su-

235 1475 411 1543 perius
438 1492 504 1526 ex
528 1473 688 1544 globo
722 1473 896 1542 ligneo
927 1483 1283 1525 constructum
1326 1484 1504 1526 centro
1548 1476 1898 1539 oscillationis,
1946 1475 2087 1546 quod
2120 1494 2152 1525 a
2186 1484 2381 1543 puncto

238 1564 584 1632 suspensionis
610 1562 799 1633 digitos
831 1569 930 1615 126
959 1563 1196 1626 distabat,
1237 1564 1562 1616 describebat
1598 1584 1775 1616 arcum
1800 1576 1967 1616 totum
1998 1565 2165 1628 124355
2191 1564 2380 1633 digito—

238 1707 368 1751 rum,
411 1686 702 1738 differentia
741 1705 956 1738 arcuum
1000 1688 1253 1739 descensu
1294 1698 1346 1739 et
1384 1707 1599 1740 ascensu
1642 1688 1958 1757 descriptum
1985 1690 2044 1757 (θ)
2071 1689 2168 1740 fuit
2193 1663 2300 1791 ἒΞ-ῗ.
2326 1687 2379 1736 in

253 1841 282 1883 8

238 1901 322 1980 ῼ-Ξ)

239 2013 357 2057 396.
433 2005 582 2056 Duxi
609 2014 781 2056 autem
807 2005 1122 2057 differentias
1147 2006 1302 2058 hasce
1327 2008 1380 2057 in
1405 2008 1640 2076 pondera
1676 2009 1968 2080 globorum,
2009 2020 2067 2062 ut
2095 2009 2378 2061 invenirem

237 2093 773 2151 eorumresistentiaS.
850 2094 988 2144 Nam
1025 2094 1329 2146 differentiae
1367 2096 1603 2148 oriuntur
1629 2116 1694 2148 ex
1719 2099 2034 2162 resistentiis,
2077 2097 2131 2168 (f)
2160 2107 2378 2166 suntque

239 2193 296 2233 ut
306 2182 624 2233 -resistentiae
651 2182 845 2233 directe
871 2194 922 2234 et
946 2184 1181 2251 pondera
1205 2184 1424 2238 inverse.

236 2271 365 2321 meri
394 2278 513 2332 318,
541 2278 639 2323 136
668 2282 719 2322 et
745 2279 830 2334 49,
856 2280 975 2324 396.
1055 2273 1182 2323 Pars
1208 2284 1382 2325 autem
1408 2277 1711 2329 resistentiae
1733 2279 1876 2350 globi
1901 2280 2128 2342 minoris,
2159 2297 2275 2349 quae
2301 2288 2379 2329 est

238 2364 291 2409 in
318 2357 575 2426 duplicata
602 2359 800 2410 ratione
825 2359 1124 2422 velocitatiS,
1169 2371 1279 2413 erat
1303 2362 1370 2413 ad
1394 2364 1737 2416 resistentiam
1762 2376 1924 2418 totam
1952 2377 2008 2419 ut
2032 2377 2083 2430 Ο,
2108 2373 2281 2422 56752
2308 2366 2374 2416 ad

240 2459 288 2512 O,
313 2455 505 2512 61675,
533 2449 587 2501 id
607 2459 786 2512 est,⁴ut
811 2458 896 2512 45,
916 2458 1017 2503 453
1046 2452 1112 2503 ad
1139 2460 1224 2515 49,
1239 2461 1380 2515 ,3963
1426 2464 1476 2507 et
1501 2474 1620 2523 pars
1657 2455 1961 2507 resistentiae
1985 2455 2129 2526 globi
2165 2455 2372 2524 majoris

353 1882 470 1932 quae
508 1864 662 1915 ducta
688 1864 742 1914 in
767 1863 972 1931 pondus
1009 1863 1169 1935 globi,
1214 1865 1355 1934 quod
1381 1874 1490 1916 erat
1515 1866 1785 1918 unciarum
1811 1868 1963 1936 57272,
2009 1866 2253 1936 producit
2291 1872 2375 1925 49,

1502 2188 1635 2239 Sunt
1659 2189 1817 2259 igitur
1841 2190 2143 2241 resistentiae
2187 2199 2244 2240 ut
2280 2208 2378 2239 nu-

239 2644 411 2693 penduli,
434 2643 617 2696 (ideoque
634 2625 784 2683 inverse
810 2651 855 2682 ut
872 2644 1072 2693 tempus);
1105 2656 1196 2683 nam
1215 2656 1294 2683 ve··
1408 2677 1425 2698 e
1586 2680 1594 2688 ,
1632 2649 1707 2685 126
1731 2680 1739 2689 ,
1798 2649 1822 2684 8
1949 2675 1963 2691 ,
2089 2677 2099 2686 .
2170 2677 2181 2687 .

240 2698 411 2736 locitates
446 2698 632 2736 descensu
667 2710 734 2746 per
760 2710 871 2735 arcus
902 2698 1055 2748 quosvis
1086 2699 1279 2748 acquisitae
1388 2679 1403 2730 (
1430 2677 1445 2728 )
1468 2680 1489 2702 ²*
1513 2679 1608 2718 Ful*
1625 2701 1705 2750 ffi
1723 2693 1765 2718 ἠ
1784 2700 1849 2765 ’ᾖξ’
1909 2678 2012 2717 cum
2038 2690 2142 2716 emm
2169 2690 2210 2715 ¹¹¹
2228 2690 2303 2715 ⁰³⁵·
2325 2682 2362 2716 6·

242 2758 332 2789 sunt
367 2751 410 2788 in
437 2751 584 2789 ratione
620 2750 891 2799 subduplicata
926 2751 1176 2789 abscissarum
1204 2752 1281 2788 illis
1334 2763 1584 2811 experimenti
1604 2762 1716 2812 primi
1734 2763 1892 2812 penduli
1912 2776 1979 2807 seu
1999 2760 2053 2800 fili
2072 2763 2120 2801 ad
2139 2763 2287 2801 nodum
2306 2775 2371 2800 us,

241 2806 405 2842 arcubus
423 2802 825 2852 correspondentiuzn;
846 2803 997 2841 chordae
1009 2804 1098 2842 ver&
1114 2818 1182 2853 pro
1196 2804 1281 2854 qui-

240 2858 313 2894 bus
331 2870 441 2894 arcus
459 2868 610 2895 sumere
627 2856 690 2893 hic
708 2856 831 2901 liceat,
859 2864 952 2894 sunt
969 2856 1106 2895 mediae
1124 2870 1280 2905 propor-

241 2909 402 2948 tionales
433 2910 533 2948 inter
561 2908 741 2947 abscissas
768 2922 856 2946 suas
882 2917 921 2947 et
947 2909 1179 2947 circulorum
1198 2910 1279 2947 dia-

241 2971 395 3009 metros,
427 2963 459 3000 si
487 2976 579 3013 ergo
605 2969 808 2999 sumantur
834 2974 945 3000 arcus
965 2962 1130 3012 aequales
1149 2963 1190 3000 in
1209 2963 1281 3000 cir-

243 3015 340 3052 culis
357 3015 621 3067 inaequalibus,
644 3015 815 3053 abscissae
833 3027 967 3052 eorum
986 3028 1146 3053 arcuum
1167 3023 1281 3053 erunt

241 3067 390 3106 inverse
415 3078 461 3106 ut
487 3068 662 3107 diametri
690 3067 922 3106 circulorum
954 3067 1032 3105 sive
1059 3067 1206 3106 inverse
1234 3076 1280 3107 ut

243 3132 376 3158 eorum
394 3121 499 3166 radii,
516 3123 588 3159 hoc
607 3128 663 3159 est
682 3119 829 3158 inverse
847 3128 892 3158 ut
910 3120 1171 3170 longitudines
1185 3133 1278 3169 pen-

243 3171 438 3219 dulorum‚
468 3187 561 3225 ergo
591 3173 808 3212 velocitates
835 3186 923 3224 quae
951 3182 1041 3211 sunt
1067 3173 1106 3210 in
1134 3174 1281 3211 ratione

244 3225 509 3275 subduplicata
535 3227 798 3272 abscissarum,
826 3235 940 3264 erunt
958 3226 1000 3263 in
1018 3227 1164 3264 ratione
1190 3228 1280 3263 sub-

244 3278 439 3326 duplicata
474 3279 624 3317 inversa
663 3279 955 3330 longitudinum
996 3278 1278 3327 pendulorum;

246 3330 336 3368 cum
363 3344 455 3382 ergo
482 3344 643 3370 arcuum
669 3331 894 3370 differentiae
913 3331 989 3370 sint
1007 3340 1052 3369 ut
1069 3331 1281 3370 resistent-ia

246 3391 284 3422 et
297 3384 526 3434 quadratum
539 3385 721 3434 temporis
735 3384 982 3435 conjunctim,
994 3385 1280 3435 resistentiaque

247 3437 296 3474 sit
321 3445 366 3475 ut
392 3436 623 3487 quadratum
651 3438 871 3483 velocitatis,
900 3438 1023 3487 sitque
1049 3437 1279 3487 quadratum

248 3489 457 3528 velocitatis
474 3488 622 3527 inverse
639 3497 685 3528 ut
702 3490 907 3542 longitudo
932 3490 1215 3539 pendulorum3
1245 3497 1285 3527 et

247 3543 477 3593 quadratum
495 3542 676 3590 temporis
694 3542 836 3581 directe
855 3552 899 3581 ut
917 3543 1122 3594 longitudo
1135 3542 1285 3593 pendu-

246 3596 387 3642 lorum,
408 3595 662 3644 compensatis
679 3595 891 3634 rationibus
909 3598 1122 3635 manebunt
1139 3595 1285 3634 eaedem

222 3646 224 3649 ’
248 3661 410 3687 arcuum
429 3648 667 3694 differentiae‚
696 3647 729 3684 si
745 3647 896 3686 mutata
913 3648 1173 3710 pendulonqn
1199 3647 1286 3686 lon-

247 3702 424 3751 gitudine
442 3713 553 3739 arcus
571 3692 735 3751 aequales
748 3700 1021 3740 describantur.

305 3755 357 3805 (ἀ)
380 3758 401 3779 *¹
417 3756 636 3804 Augeretur
654 3756 698 3792 in
715 3752 911 3804 duplicata·
936 3752 1002 3794 illd
1019 3756 1171 3795 ratione
1199 3755 1285 3807 (per

253 3807 347 3843 Cor.
368 3812 403 3845 2.
431 3807 546 3856 Prop.
572 3806 785 3857 XXXI.).

1334 2815 1410 2866 que
1439 2817 1643 2867 longitudo
1671 2826 1768 2856 esset
1800 2822 1867 2856 121
1899 2816 2009 2867 digit.
2033 2830 2143 2855 arcus
2161 2816 2372 2864 descriptus

1334 2909 1415 2939 erat
1438 2891 1577 2957 119353
1597 2901 1705 2953 digit.
1728 2909 1767 2941 et
1784 2914 1944 2941 arcuum
1958 2900 2173 2940 differentia
2192 2873 2240 2974 Ξ,
2258 2901 2366 2952 digit.
2388 2944 2391 2946 ,

1336 2990 1393 3027 Et
1411 2988 1559 3028 mutata
1577 2988 1736 3038 penduli
1755 2987 1998 3038 longitudine
2015 2987 2057 3024 in
2076 2959 2309 3025 ratione⁷5126
2321 2985 2380 3023 ad'

1337 3045 1426 3088 121,
1446 3056 1557 3081 arcus
1575 3042 1785 3091 descriptus
1802 3049 1841 3079 et
1858 3040 2074 3079 differentia
2102 3048 2302 3078 mutantur
2328 3039 2369 3075 in

1334 3124 1469 3165 eadem
1514 3127 1673 3174 ratione,
1724 3125 1915 3176 fiebatque
1950 3124 2111 3174 proinde
2145 3137 2255 3162 arcus
2295 3096 2369 3194 i—Z-(i

2295 3214 2369 3248 126

1337 3252 1379 3293 ><
1407 3235 1561 3301 119-2253,
1594 3258 1664 3285 seu
1685 3234 1829 3299 1243ssT
1846 3243 1954 3295 digit.
1987 3250 2025 3281 et
2051 3242 2265 3281 differentia
2297 3264 2364 3313 1—23

1337 3369 1379 3411 Χ
1400 3336 1453 3452 98—3}
1468 3364 1580 3416 digit.

1392 3487 1444 3540 (¹)
1467 3490 1487 3512 *³
1512 3490 1684 3537 Suntque
1701 3493 1747 3525 ut
1765 3486 1982 3524 resistentiae
1999 3481 2134 3523 directe?
2158 3490 2192 3521 et
2205 3485 2376 3533 pondera

1337 3540 1496 3580 inverse.
1555 3540 1659 3577 Nam
1689 3541 1775 3590 (per
1804 3539 1894 3577 Cor.
1920 3538 2035 3585 Prop.
2060 3535 2233 3583 XXX.)
2264 3536 2374 3574 diffe-

1338 3593 1473 3631 rentiae
1490 3592 1568 3630 illae
1586 3592 1626 3629 in
1646 3591 1754 3629 datos
1771 3604 1952 3629 numeros
1970 3589 2097 3627 ductae
2119 3596 2210 3626 sunt
2224 3588 2271 3626 ad
2285 3601 2376 3636 pen-

1342 3646 1426 3685 duli
1444 3644 1741 3696 longitudinem,
1771 3652 1817 3682 ut
1834 3642 2046 3681 resistentia
2079 3641 2128 3679 ad
2153 3642 2376 3692 gravitatem

1339 3698 1408 3737 sed
1434 3698 1586 3748 pondus
1612 3697 1718 3749 globi
1742 3696 1925 3746 penduli3
1957 3695 2046 3733 data
2074 3694 2194 3745 igitur
2220 3694 2378 3743 penduli

1339 3751 1598 3803 longitudine,
1630 3750 1855 3788 differentiae
1882 3749 1959 3788 illae
1985 3754 2076 3787 sunt
2094 3755 2140 3785 ut
2157 3747 2375 3794 resistentiae

1339 3805 1481 3844 directe
1499 3813 1536 3843 et
1553 3803 1722 3853 pondera
1739 3800 1898 3842 inverse.

1535 3885 1560 3906 X
