2502 4192
199 285 303 331 256
739 270 1305 327 PHILOSOPHIAE
1347 266 1798 321 NATURALIS
1896 262 2346 329 [Moneonron.

1009 635 1313 697 SECTIO
1357 634 1540 694 VIII.

773 813 874 871 De
902 819 1058 870 motu
1077 810 1393 889 perfluida
1412 815 1760 887 propagato.

527 1031 999 1085 PROPOSITIO
1039 1031 1193 1083 XLI.
1271 1027 1724 1082 THEOREMA
1763 1026 2019 1078 XXXII.

198 1178 409 1229 Pressio
433 1195 532 1228 non
560 1184 884 1245 propagatur
899 1194 998 1242 per
1011 1177 1236 1247 fluidum
1261 1177 1519 1227 secandum
1544 1176 1704 1225 lineas
1728 1180 1904 1237 rectas,
1944 1173 2046 1224 nisi
2069 1171 2155 1226 ubi
2177 1172 2349 1239 parti-

842 1256 966 1317 cule?
983 1268 1152 1337 fluidi
1180 1267 1234 1318 in
1261 1268 1498 1317 directum
1519 1263 1712 1333 jacent.

278 1408 334 1460 Si
363 1408 572 1477 jaceant
606 1406 875 1476 particulae
900 1426 947 1470 a,
974 1407 1027 1470 b,
1058 1425 1101 1471 c,
1130 1406 1181 1469 d,
1210 1426 1239 1458 e
1263 1406 1318 1457 in
1343 1404 1478 1457 linea
1505 1402 1662 1467 recta,
1701 1408 1873 1472 potest
1911 1402 2119 1472 quidem
2155 1399 2353 1469 pressio

202 1495 397 1550 directe
433 1496 713 1567 propagari
749 1496 815 1547 ab
853 1515 884 1547 a
919 1495 1080 1558 ad-e3
1132 1506 1185 1547 at
1219 1494 1475 1564 particula
1511 1514 1540 1546 e
1576 1493 1784 1564 urgebit
1824 1492 2104 1561 particulas
2146 1488 2353 1559 oblique

202 1588 396 1658 positas
422 1586 450 1637 f
466 1597 518 1638 et
542 1606 578 1657 g
602 1585 828 1656 oblique,
868 1596 919 1638 et
941 1586 1209 1656 particulae
1234 1586 1338 1636 illae
1362 1585 1391 1636 f
1407 1594 1458 1637 et
1481 1604 1517 1656 g
1540 1602 1647 1635 non
1673 1582 2002 1636 sustinebunt
2034 1582 2354 1651 pressionem

203 1679 415 1740 illatam,
442 1679 542 1730 nisi
567 1679 843 1730 fulciantur
868 1698 899 1730 a
921 1678 1186 1748 particulis
1225 1677 1555 1730 ulterioribus

203 1764 242 1815 h
281 1775 333 1817 et
368 1766 433 1827 k3
485 1763 737 1836 quatenus
772 1775 946 1817 autem
980 1764 1279 1828 fulciuntur,
1318 1772 1562 1834 premunt
1603 1770 1612 1774 '

204 1854 485 1924 particulas
528 1854 827 1917 fulcientes3
872 1865 924 1907 et
958 1854 1044 1905 hae
1086 1873 1193 1906 non
1237 1854 1563 1906 sustinebunt

205 1943 528 2012 pressionem
563 1944 665 1995 nisi
700 1942 978 1996 fulciantur
1014 1943 1080 1996 ab
1111 1943 1441 1996 ulterioribus
1465 1943 1485 1994 l
1510 1952 1563 1995 et

206 2052 260 2084 m
287 2052 474 2103 easque
498 2044 754 2103 premant,
783 2043 834 2086 et
855 2034 927 2086 sic
947 2033 1190 2103 deinceps
1210 2035 1266 2085 in
1283 2034 1560 2085 infinitum.

213 2124 422 2176 Pressio
459 2124 634 2195 igitur,
681 2144 833 2195 quam
873 2126 1100 2195 primum
1141 2111 1461 2198 propagatur
1496 2124 1564 2176 ad

207 2215 490 2283 particulas
517 2234 635 2284 quae
659 2233 767 2267 non
791 2217 845 2268 in
871 2217 1126 2270 directum
1142 2219 1333 2287 jacent,
1373 2216 1561 2268 divari-

208 2321 328 2354 care
353 2303 565 2371 incipiet
590 2312 641 2355 et
666 2304 873 2376 oblique
908 2306 1280 2377 propagabitur
1304 2307 1359 2358 in
1390 2306 1563 2358 infini-

211 2403 351 2455 tum3
380 2403 431 2445 et
454 2404 729 2464 postquam
753 2395 935 2464 incipit
959 2394 1166 2465 oblique
1190 2396 1487 2468 propagari,
1528 2395 1570 2447 si

212 2484 455 2536 inciderit
496 2485 551 2537 in
590 2486 869 2554 particulas
909 2486 1194 2550 ulterioreS,
1241 2505 1359 2556 quae
1401 2505 1508 2538 non
1550 2486 1605 2537 in
1645 2485 1897 2538 directum
1929 2485 2122 2555 jacent,
2174 2482 2363 2534 iterum

213 2571 541 2636 divaricabit3
581 2574 738 2645 idque
774 2576 942 2639 totieS,
989 2576 1188 2646 quoties
1222 2576 1276 2626 in
1311 2576 1590 2645 particulas
1624 2595 1732 2628 non
1757 2574 1996 2629 accurate
2021 2575 2076 2626 in
2101 2574 2354 2626 directum

207 2662 439 2731 jacentes
465 2663 716 2716 inciderit.
795 2664 864 2726 Q.
891 2683 936 2717 e.
963 2664 1016 2716 d.
2288 2659 2292 2661 s

291 2756 454 2807 Corol.
503 2757 560 2809 Si
583 2758 878 2826 pressionis,
907 2777 937 2809 a
962 2757 1084 2810 dato
1108 2767 1303 2827 puncto
1327 2776 1422 2826 per
1445 2757 1664 2809 fluidum
1689 2764 2009 2826 propagatae,
2045 2771 2167 2822 pars
2193 2750 2365 2820 aliqua

219 2846 486 2900 obstaculo
510 2849 866 2918 intercipiatur
880 2870 894 2911 3
932 2869 1053 2918 pars
1079 2850 1291 2919 reliqua,
1329 2867 1445 2919 quae
1470 2867 1577 2899 non
1602 2847 1940 2916 intercipitur,
1979 2842 2285 2896 divaricabit
2309 2841 2365 2892 in

217 2935 380 3007 spatia
425 2954 563 3004 pone
612 2938 952 2990 obstaculum.
1028 2938 1093 2990 Id
1138 2938 1277 3008 quod
1328 2938 1400 2989 sic
1450 2937 1605 2989 etiam
1653 2935 2000 2988 demonstrari
2047 2941 2237 3001 potest.
2313 2930 2365 2981 A

216 3036 410 3094 puncto
430 3028 480 3079 A
495 3040 813 3101 propagetur
828 3030 1028 3098 pressio
1048 3008 1476 3099 quaquaversiim,
1498 3029 1656 3098 idque
1683 3028 1726 3079 si
1751 3026 1864 3079 fieri
1888 3033 2060 3094 potest
2078 3020 2367 3074 secundum

218 3115 381 3168 lineas
419 3130 600 3183 rectas,
644 3131 695 3173 et
732 3121 1000 3172 obstaculo
1040 3121 1093 3172 N
1120 3121 1167 3172 B
1197 3120 1242 3171 C
1272 3120 1325 3171 K
1361 3118 1626 3187 perforato
1650 3118 1705 3168 in
1734 3117 1780 3169 B
1811 3117 1873 3179 C,
1913 3112 2268 3181 intercipiatur
2305 3128 2366 3160 ea

222 3205 408 3268 omnis,
454 3218 647 3274 praeter
683 3218 883 3277 partem
921 3209 1257 3260 coniformem
1297 3209 1346 3259 A
1376 3209 1421 3259 P
1449 3208 1518 3270 Q,
1560 3226 1677 3277 quae
1713 3224 1808 3275 per
1844 3205 2079 3256 foramen
2117 3200 2366 3252 circulare

221 3292 268 3344 B
298 3293 343 3344 C
381 3297 577 3348 transit.
655 3297 831 3348 Planis
867 3298 1169 3349 transversis
1203 3298 1308 3361 de,
1335 3297 1429 3368 fg,
1456 3296 1494 3348 h
1520 3297 1538 3347 i
1571 3297 1918 3367 distinguatur
1954 3311 2118 3345 conus
2158 3292 2211 3343 A
2239 3291 2284 3342 P
2312 3289 2366 3350 Q

217 3382 273 3432 in
298 3381 489 3444 frusta3
532 3393 585 3435 et
620 3384 816 3436 interea
853 3386 978 3437 dum
1015 3405 1175 3437 conus
1202 3386 1254 3437 A
1283 3386 1329 3437 B
1358 3386 1419 3447 C,
1459 3384 1780 3452 pressionem
1812 3381 2173 3453 propagando,
2213 3389 2366 3447 urget

218 3467 441 3520 frustum
467 3469 704 3520 conicum
729 3471 942 3523 ulterius
968 3471 1003 3522 d
1029 3491 1056 3523 e
1081 3492 1117 3542 g
1141 3472 1169 3522 f
1196 3472 1250 3522 in
1288 3471 1558 3540 superficie
1595 3470 1630 3521 d
1656 3489 1702 3532 e,
1751 3480 1802 3522 et
1837 3469 1938 3520 hoc
1962 3469 2183 3520 frustum
2215 3475 2365 3536 urget

218 3553 438 3608 frustum
462 3556 760 3625 proximum
786 3559 865 3629 fg
891 3560 907 3609 i
932 3559 969 3609 h
994 3560 1047 3609 in
1075 3560 1346 3627 superficie
1370 3559 1465 3630 fg,
1494 3568 1545 3610 et
1563 3558 1786 3610 frustum
1810 3557 1943 3609 illud
1967 3565 2119 3627 urget
2142 3554 2364 3606 frustum

219 3646 444 3709 tertium,
473 3656 524 3698 et
549 3646 623 3698 sic
649 3645 892 3716 deinceps
918 3648 969 3698 in
998 3649 1287 3710 infinitum3
1333 3647 1661 3699 manifestum
1698 3656 1776 3698 est
1815 3643 2126 3716 (perumotfis
2163 3643 2364 3714 Legem

220 3738 444 3804 tertiam)
483 3738 624 3808 quod
659 3737 877 3790 frustum
914 3740 1141 3806 primum
1177 3739 1214 3791 d
1238 3758 1266 3790 e
1291 3755 1324 3808 g
1348 3736 1385 3800 f,
1425 3739 1683 3791 reactione
1719 3737 1870 3789 frusti
1907 3734 2121 3788 secundi
2158 3733 2238 3804 fg
2260 3738 2357 3795 ih,

222 3834 424 3878 tantum
447 3827 715 3899 urgebitur
739 3836 792 3878 et
814 3837 1079 3895 premetur
1116 3828 1169 3879 in
1206 3826 1474 3895 superficie
1499 3826 1592 3897 fg,
1634 3835 1886 3896 quantum
1920 3832 2073 3894 urget
2098 3832 2150 3876 ct
2173 3820 2361 3890 premit
