2502 4192
232 292 336 337 222
749 283 1313 338 PHILOSOPHIAE
1355 281 1806 334 NATURALIS
1919 282 2100 346 [Mor.
2122 285 2372 337 Conpon.

234 428 285 479 A
313 427 359 479 B
386 427 452 478 ad
479 446 730 478 summam
771 425 1082 477 circulorum
1120 425 1171 475 A
1199 424 1246 475 Β
1273 431 1324 473 et
1351 421 1398 472 E
1427 421 1470 472 F
1512 420 1574 488 (⁰)
1602 421 1684 472 vel
1710 440 1977 476 excessum
2015 423 2160 491 dupli
2198 425 2372 477 circuli

233 521 283 569 A
313 518 357 569 B
384 537 541 586 supra
564 517 799 569 fundum.
871 568 873 573 ,

307 593 470 642 Corol.
501 597 547 645 7.
628 590 683 641 Si
721 590 774 639 in
812 588 985 639 medio
1010 587 1275 638 foraminis
1307 586 1353 637 E
1383 585 1426 636 F
1451 585 1649 636 locetur
1674 584 1906 635 circellus
1950 585 1994 638 P
2021 586 2074 647 Q
2101 597 2278 638 centro
2319 589 2373 640 G

231 680 519 750 descriptus
546 692 597 733 et
621 681 878 732 horizonti
914 678 1220 747 parallelus:
1260 676 1467 747 pondus
1494 694 1642 745 aquae
1668 692 1823 744 quam
1851 675 2081 729 circellus
2107 677 2192 728 ille
2220 678 2370 730 susti-

229 781 335 833 net,
375 772 539 839 majus
578 781 655 821 est
690 769 921 836 pondere
947 772 1112 818 tertiae
1139 767 1299 835 partis

231 859 454 928 cylindri
480 878 630 927 aquae
658 861 802 928 cujus
820 860 957 910 basis
976 870 1053 910 est
1073 860 1308 911 clrcellus

228 948 315 1000 ille
354 959 405 1000 et
442 949 660 1000 altitudo
699 960 775 1000 est
814 950 865 1000 G
895 950 970 1001 H.
1052 951 1129 1002 Sit
1170 952 1308 1001 enim

230 1042 276 1091 A
299 1040 345 1091 B
369 1039 422 1090 N
451 1040 493 1090 F
522 1040 568 1090 E
589 1039 653 1091 M
682 1050 936 1091 cataracta
961 1041 1042 1092 vel
1069 1041 1309 1091 columna

229 1148 378 1198 aquae
405 1130 636 1180 cadentis
664 1148 816 1181 axem
844 1129 1041 1180 habens
1071 1129 1123 1180 G
1155 1129 1212 1179 H
1251 1138 1308 1178 ut

1450 898 1511 944 K

228 1237 402 1287 supra,
450 1230 502 1271 et
527 1219 789 1290 congelari
814 1218 1131 1289 intelligatur
1169 1237 1305 1287 aqua

226 1309 394 1358 omnis
420 1307 475 1357 in
501 1326 637 1370 vase,
668 1307 731 1375 (P)
761 1317 867 1357 tam
904 1308 954 1357 in
984 1309 1199 1360 circuitu
1224 1327 1308 1359 ca-

228 1411 438 1452 taractae
465 1399 619 1470 quam
647 1418 802 1468 supra
840 1399 1121 1462 circellum,
1162 1400 1307 1468 cujus

223 1491 450 1541 fluiditas
468 1490 535 1542 ad
549 1490 994 1559 promptissimum
1015 1500 1064 1541 et
1099 1490 1307 1542 celerri-

225 1600 368 1633 mum
408 1600 558 1652 aquae
597 1583 903 1633 descensum
943 1599 1047 1636 non
1085 1581 1304 1650 requiri-

226 1679 328 1721 tur.
408 1670 478 1721 Et
517 1670 583 1720 sit
625 1670 669 1721 P
699 1670 759 1721 H
788 1671 841 1731 Q
883 1670 1123 1721 columna
1158 1689 1306 1740 aquae

224 1777 381 1827 supra
419 1758 687 1809 circellum
725 1759 1009 1828 congelata,
1057 1759 1303 1810 verticem

221 1847 418 1900 habens
448 1848 509 1901 H
534 1859 586 1899 et
623 1848 947 1900 altitudinem
988 1848 1041 1901 G
1072 1848 1146 1899 H.
1235 1848 1307 1899 Et

220 1940 360 2010 finge
387 1949 698 1991 cataractam
723 1940 922 1991 hancce
948 1939 1183 2008 pondere
1210 1958 1305 1991 suo

1813 1788 1821 1798 ι
1868 1794 1875 1804 ,
1945 1793 1953 1800 .

1813 1806 1821 1816 ι
1868 1810 1876 1820 .
1944 1805 1952 1813 ·

1434 1833 1477 1883 c
1692 1796 2073 1883 lips-afia-

2240 1841 2295 1888 1)

221 2038 332 2079 toto
358 2029 542 2081 cadere
568 2040 619 2081 et
642 2048 754 2081 non
779 2030 1078 2081 incumbere
1104 2029 1158 2079 in
1187 2029 1231 2080 P
1261 2029 1320 2080 H
1348 2029 1417 2092 Q,
1447 2048 1543 2081 nec
1569 2029 1786 2080 eandem
1811 2047 2063 2097 premere,
2094 2029 2183 2081 sed
2205 2029 2365 2080 libere

222 2127 272 2168 et
297 2118 406 2169 sine
430 2118 666 2170 frictione
703 2119 1015 2187 praeterlabi,
1056 2119 1155 2169 nisi
1180 2118 1312 2170 sorte
1337 2118 1391 2169 in
1417 2119 1532 2187 ipso
1555 2119 1739 2190 glaciei
1765 2119 1955 2170 vertice
1982 2137 2084 2190 quo
2110 2111 2366 2170 cataracta

220 2207 335 2274 ipso
361 2208 580 2259 cadendi
606 2209 752 2260 initio
776 2209 987 2277 incipiat
1013 2227 1124 2260 esse
1151 2227 1290 2260 cava.
1348 2209 1419 2261 Et
1445 2209 1883 2279 quemadmodum
1910 2227 2042 2278 aqua
2067 2209 2120 2260 in
2147 2210 2364 2262 circuitu

221 2308 491 2350 cataractae
532 2299 803 2370 congelata
828 2300 878 2352 A
908 2299 973 2352 M
1000 2299 1046 2350 E
1076 2300 1137 2362 C,
1182 2300 1228 2353 B
1256 2301 1309 2355 N
1337 2300 1381 2352 F
1406 2301 1462 2352 D
1500 2320 1732 2352 convexa
1769 2311 1849 2352 est
1884 2301 1939 2351 in
1977 2301 2247 2369 superficie
2285 2301 2365 2351 in-

221 2387 367 2440 terna
408 2390 459 2440 A
487 2389 552 2441 M
581 2389 644 2454 E,
677 2390 723 2441 B
752 2390 802 2442 N
833 2390 876 2442 F
913 2409 1092 2444 versus
1130 2400 1441 2445 cataractam
1484 2392 1768 2456 cadentem,
1814 2392 1885 2443 sic
1924 2392 2077 2444 etiam
2120 2392 2234 2444 haec
2278 2411 2362 2444 co-

278 2550 332 2603 (0)
356 2553 376 2575 *
408 2552 472 2590 Vel
498 2564 683 2590 excessum
713 2551 821 2602 dupli
850 2554 985 2592 circuli
1018 2554 1054 2591 A
1076 2557 1112 2591 B
1142 2568 1259 2603 supra

215 2605 414 2656 fundum.
477 2603 579 2642 cum
599 2603 769 2642 fundum
789 2606 935 2655 aequale
962 2606 1010 2644 sit
1037 2606 1262 2645 differentiae

222 2657 453 2694 circulorum
486 2657 523 2694 A
547 2658 582 2695 B
603 2665 640 2696 et
661 2658 698 2695 E
722 2657 767 2704 F,
798 2671 974 2696 excessus
991 2659 1099 2707 dupli
1128 2660 1262 2698 circuli

225 2711 261 2747 A
288 2711 337 2756 B,
357 2709 472 2758 supra
491 2710 660 2748 fundum
678 2718 735 2748 est
754 2716 778 2749 2
801 2712 837 2749 A
862 2713 898 2750 B
913 2734 966 2743 —
983 2714 1019 2749 A
1040 2713 1076 2750 B
1093 2713 1146 2765 -ᾖ-
1164 2714 1200 2751 Ε
1217 2713 1261 2758 F,

222 2775 291 2800 seu
315 2764 351 2800 A
378 2765 411 2800 B
432 2764 485 2814 -l-
510 2765 546 2801 E
572 2764 615 2801 F.

277 2816 334 2867 (Ρ)
354 2818 373 2841 ’““
396 2819 494 2855 Tam
508 2819 550 2856 in
562 2819 726 2857 circuitu
742 2826 956 2857 cataractae.
999 2819 1264 2864 Quemadmo-

222 2868 317 2906 dum
337 2870 441 2907 enim
460 2870 576 2919 supra
595 2870 683 2908 ante
702 2884 776 2908 cas.
805 2876 855 2917 l.‚
884 2886 983 2921 aqua
1006 2874 1133 2910 omnis
1151 2874 1263 2923 cujus

222 2921 391 2959 fluiditas
408 2922 457 2960 ad
475 2924 804 2973 promptissimum
824 2933 862 2962 et
880 2926 1122 2963 celerrimum
1152 2939 1262 2974 aquae

223 2973 449 3013 descensum
469 2976 648 3026 illiusque
676 2976 861 3014 effluxum
880 2991 948 3026 per
965 2979 1137 3016 foramen
1168 2979 1204 3016 E
1230 2979 1262 3015 F

222 3026 370 3065 inutilis
389 3037 479 3072 erat,
502 3029 541 3066 in
562 3030 726 3067 circuitu
745 3039 941 3068 cataractae
961 3032 1160 3082 congelata
1171 3044 1261 3079 sup-

222 3083 447 3128 ponebatur,
497 3082 613 3132 idque
658 3082 759 3121 recte
803 3084 950 3121 factum
996 3085 1262 3133 experimentis

222 3132 355 3181 postea
380 3143 574 3172 ostensum
604 3144 671 3181 est,
702 3135 755 3173 ita
782 3137 843 3174 hic
862 3138 935 3174 loci
954 3137 1153 3186 congelata
1171 3151 1259 3185 sup-

222 3186 316 3234 poni
345 3195 468 3234 potest
495 3201 594 3238 aqua
621 3189 747 3226 omnis
766 3190 805 3226 in
827 3204 912 3228 vase
932 3199 1010 3228 tam
1039 3192 1078 3227 in
1099 3190 1260 3228 circuitu

224 3247 422 3277 cataractae
441 3240 557 3289 quam
577 3241 692 3291 supra
719 3243 929 3289 circellum,
964 3245 1076 3295 cujus
1094 3243 1261 3281 fluiditas

222 3291 274 3329 ad
291 3293 618 3340 promptissimum
638 3303 676 3332 et
694 3296 934 3333 celerrimum
951 3310 1060 3346 aquae
1078 3295 1263 3333 effluxum

222 3357 292 3394 per
309 3345 475 3394 spatium
495 3348 679 3385 annulare
704 3349 738 3385 E
758 3349 804 3394 P,
831 3350 872 3394 Q
886 3350 928 3394 F,
946 3362 1023 3387 non
1039 3349 1261 3398 requiritur;

223 3405 263 3435 et
280 3398 609 3448 quemadmodum
641 3401 783 3452 glacies
810 3402 850 3438 in
878 3403 1039 3440 circuitu
1068 3411 1264 3440 cataracta:

223 3451 443 3497 constituta,
468 3453 500 3490 C
524 3452 560 3490 E
584 3454 629 3490 M
654 3456 705 3498 A.
730 3456 769 3492 D
794 3455 825 3493 F
848 3456 887 3493 N
910 3456 944 3494 B
965 3456 1205 3505 pertingebat
1216 3455 1264 3493 ad

223 3504 464 3553 superficiem
487 3506 524 3542 A
549 3506 584 3543 B
604 3519 672 3543 seu
692 3507 900 3546 terminum
919 3509 1055 3559 glaciei
1081 3506 1266 3546 continuo

224 3556 468 3608 liquescentis
491 3558 531 3595 K
556 3559 591 3595 A
619 3559 652 3596 B
675 3559 722 3605 L,
743 3560 795 3597 ita
813 3574 913 3611 aqua
931 3560 1047 3609 supra
1065 3561 1263 3599 circellum

224 3611 425 3661 congelata
450 3610 675 3661 producitur
693 3613 740 3649 ad
761 3623 949 3661 punctum
974 3615 1028 3657 H,
1060 3615 1100 3651 in
1129 3613 1264 3652 eadem

224 3663 425 3711 superficie
457 3666 492 3702 A
519 3666 553 3703 B
582 3664 775 3713 positum3
808 3675 845 3703 et
873 3668 929 3704 uti
957 3668 1098 3717 glacies
1124 3670 1166 3706 in
1191 3669 1264 3706 cir-

224 3718 331 3754 cuitu
360 3726 563 3757 cataracta·
596 3732 754 3757 convexa
782 3727 836 3757 est
872 3722 999 3760 versas
1035 3728 1268 3759 cataractam

224 3771 416 3809 cadentem
446 3771 575 3823 (272),
604 3773 657 3810 sic
684 3774 795 3810 etiam
824 3775 1004 3812 columna
1023 3788 1135 3824 aquae
1151 3772 1267 3823 snpra

225 3823 417 3863 circellum
444 3827 644 3870 congelatae
674 3828 713 3864 P
731 3827 781 3863 H
798 3827 830 3868 Q
858 3839 1015 3864 convexa
1040 3829 1112 3865 erit
1138 3840 1268 3866 versus

225 3882 462 3916 cataractam
477 3880 673 3918 cadentem
688 3879 727 3917 A
741 3880 790 3918 H
800 3881 838 3918 P
849 3880 889 3917 E
903 3881 962 3926 M,
984 3882 1023 3919 B
1039 3881 1088 3918 H
1100 3882 1131 3923 Q
1146 3881 1189 3919 F
1199 3882 1252 3919 N
1251 3898 1265 3925 ,-

1318 2557 1338 2579 0
1367 2554 1595 2592 considerari
1629 2555 1733 2592 enim
1762 2563 1885 2604 potest
1912 2554 1994 2593 axis
2023 2555 2066 2593 H
2101 2555 2139 2592 G
2166 2561 2211 2591 ut
2238 2553 2361 2602 paries

1317 2608 1411 2646 vasis
1439 2608 1550 2657 cujus
1582 2608 1698 2645 sectio
1734 2608 1782 2646 sit
1816 2609 1862 2646 H
1895 2609 1931 2646 G
1963 2609 1995 2646 C
2028 2609 2079 2653 A,
2118 2614 2155 2644 et
2184 2607 2357 2644 foramen

1316 2661 1359 2698 in
1387 2660 1510 2698 fundo
1537 2661 1682 2698 factum
1710 2660 1758 2698 sit
1787 2662 1824 2698 E
1850 2662 1895 2706 P,
1922 2661 2212 2710 qualiscumque
2231 2668 2360 2696 autem

1318 2714 1369 2751 sit
1397 2713 1458 2750 lex
1489 2713 1566 2763 qua
1594 2713 1716 2751 effluit
1743 2726 1842 2763 aqua
1865 2725 1911 2750 ex
1945 2726 2043 2758 vase,
2077 2713 2211 2750 eodem
2244 2711 2357 2748 modo

1319 2779 1397 2816 quo
1414 2766 1560 2804 factum
1589 2774 1645 2804 est
1663 2780 1686 2804 a
1707 2767 1898 2804 Newtono
1916 2766 1957 2803 in
1977 2767 2094 2816 hujus
2121 2765 2359 2802 demonstra-

1319 2820 1432 2857 tionis
1451 2833 1540 2857 casu
1559 2819 1694 2868 primo,
1725 2819 1873 2867 concipi
1903 2827 2026 2868 potest
2044 2826 2231 2856 cataracta
2257 2825 2360 2854 trans

1317 2872 1479 2923 glaciem
1498 2871 1669 2918 effluens,
1689 2872 1867 2910 adhibitis
1887 2871 2132 2910 cautionibus
2152 2870 2230 2907 illic
2249 2878 2358 2907 nota-

1316 2926 1376 2971 tis,
1399 2934 1440 2963 ut
1455 2927 1536 2962 haec
1554 2926 1773 2975 hypothesis
1784 2924 2052 2963 mathematica
2066 2931 2253 2974 congruat
2268 2935 2358 2960 cum

1318 2977 1406 3016 vera¹
1437 2978 1601 3015 effluxus
1633 2992 1741 3028 aquae
1773 2978 1871 3029 lege,
1906 2977 2098 3028 quatenus
2125 2977 2173 3013 ad
2207 2976 2356 3024 copiam

1318 3045 1427 3080 aquae
1447 3031 1505 3068 effl
1513 3031 1637 3069 uentis
1651 3032 1741 3069 dato
1759 3039 1943 3080 tempore,
1966 3043 2042 3080 quo
2060 3030 2184 3078 posito
2203 3028 2357 3066 evidens

1318 3093 1374 3122 est
1400 3084 1542 3121 lineam
1566 3085 1609 3121 H
1635 3085 1668 3122 P
1687 3097 1893 3122 convexam
1915 3084 2015 3120 sumi
2036 3082 2183 3120 debere.
2247 3079 2356 3124 Qua-

1319 3146 1471 3186 propter
1490 3137 1520 3173 si
1541 3150 1585 3174 ex
1606 3138 1757 3185 punctis
1782 3137 1814 3174 P
1834 3145 1871 3174 et
1890 3137 1928 3180 Q
1941 3136 1990 3173 ad
2009 3143 2197 3184 punctum
2221 3134 2263 3171 H
2284 3134 2356 3170 du.

1319 3199 1454 3228 cantur
1467 3190 1579 3227 lineae
1593 3199 1714 3233 rectae,
1731 3203 1817 3240 quae
1832 3202 1921 3227 cum
1936 3188 2122 3226 diametro
2145 3188 2177 3224 P
2190 3188 2230 3231 Q
2240 3186 2357 3224 trian-

1318 3245 1456 3294 gulum
1476 3244 1720 3289 constituant,
1754 3255 1874 3281 conus
1900 3254 1946 3278 ex
1975 3240 2213 3278 revolutione
2240 3239 2356 3289 hujus

1319 3296 1502 3346 trianguli
1520 3295 1619 3333 circa
1636 3308 1746 3333 axem
1766 3296 1809 3333 H
1826 3296 1864 3333 G
1883 3294 2049 3343 genitus,
2069 3301 2174 3332 totus
2185 3292 2357 3330 contine-

1319 3350 1422 3387 bitur
1439 3349 1479 3385 in
1498 3348 1622 3386 solido
1639 3348 1742 3399 quod
1761 3361 1828 3397 per
1845 3346 2072 3385 rotationem
2099 3346 2234 3397 figuroe
2261 3357 2353 3383 con-

1320 3415 1426 3439 vexae
1445 3402 1479 3440 P
1501 3402 1543 3439 H
1570 3402 1610 3446 Q
1626 3401 1726 3439 eirca
1745 3401 1912 3439 eundem
1932 3413 2042 3438 axem
2072 3400 2114 3437 H
2140 3400 2176 3437 G
2196 3410 2356 3448 genera-

1321 3462 1394 3492 tur.
1457 3455 1549 3493 Hoc
1569 3455 1687 3504 igitur
1705 3455 1884 3498 solidum,
1906 3467 1972 3491 seu
1993 3452 2175 3491 columna
2197 3452 2231 3489 P
2251 3451 2292 3488 H
2318 3450 2361 3494 Q

1321 3507 1435 3557 supra
1454 3508 1648 3545 circellum
1669 3508 1880 3559 congelata,
1909 3505 2178 3557 magnitudine
2204 3509 2358 3551 superat

1322 3574 1462 3599 conum
1493 3561 1603 3598 illum
1637 3562 1750 3612 cujus
1780 3560 1880 3598 basis
1911 3567 1968 3597 est
1992 3557 2167 3597 circellus
2197 3556 2232 3594 P
2255 3557 2295 3599 Q
2320 3562 2359 3595 et

1318 3614 1483 3651 altitudo
1506 3615 1548 3652 H
1574 3614 1622 3652 G.
1660 3613 1791 3658 Quare
1814 3615 1898 3665 (per
1920 3613 2032 3660 Prop.
2055 3611 2109 3648 X.
2137 3610 2223 3647 Lib.
2244 3608 2353 3646 XII.

1321 3667 1473 3715 Elem.)
1508 3667 1689 3705 columna
1716 3666 1916 3717 congelata
1953 3665 1984 3703 P
2005 3664 2048 3702 H
2073 3664 2122 3708 Q,
2154 3663 2276 3713 major
2303 3668 2360 3699 est

1320 3718 1433 3757 tertia
1450 3729 1556 3769 parte
1574 3720 1878 3770 cylindriaquae,
1907 3717 2017 3768 cujus
2034 3716 2133 3754 basis
2152 3725 2208 3753 est
2227 3713 2360 3753 circel-

1320 3773 1383 3810 lus
1405 3773 1439 3810 P
1471 3774 1510 3818 Q
1537 3781 1576 3811 et
1592 3772 1757 3811 altitudo
1780 3773 1817 3811 G
1840 3772 1897 3810 H.
1958 3770 2034 3808 Sed
2065 3769 2163 3806 sicut
2191 3767 2359 3805 fundum

1323 3825 1361 3865 E
1386 3826 1430 3868 C,
1457 3826 1490 3864 F
1512 3827 1552 3864 D
1572 3825 1734 3864 sustinet
1747 3824 1898 3877 pondus
1915 3836 2025 3873 aquae
2043 3822 2083 3859 in
2104 3821 2225 3870 spatio
2238 3819 2361 3857 solido

1325 3879 1358 3917 C
1381 3878 1418 3916 E
1440 3879 1489 3917 M
1512 3880 1562 3927 A,
1601 3879 1641 3917 D
1670 3878 1703 3916 F
1733 3877 1772 3916 N
1804 3878 1840 3916 B
1872 3883 2072 3922 contentae,
2103 3873 2156 3913 ita
2187 3872 2361 3912 circellus
