2502 4192
165 270 351 323 LIBER
379 272 653 336 SECUND]
706 269 1109 326 PRINCIPIA
1150 269 1770 323 MATHEMATICA.
2216 278 2311 323 195

166 421 220 463 ut
244 411 584 463 reflexionum
630 412 1145 480 correspondentium
1182 412 1386 463 numeri
1422 420 1475 462 et
1511 411 1644 462 vires
1684 411 2016 480 conjunctim.
2094 412 2313 463 Numeri

161 513 333 555 aute-m
370 504 711 555 reflexionum
749 513 868 555 sunt
893 504 960 554 ad
985 504 1206 555 invicem
1230 514 1288 554 ut
1314 502 1605 557 velocitates
1641 501 1867 569 partium
1906 500 2312 568 corresponden-

164 592 289 644 tium
315 591 525 655 directe,
555 602 607 643 et
632 592 797 660 spatia
821 593 957 643 inter
982 610 1162 643 earum
1187 592 1493 643 reflexiones
1519 589 1737 641 inverse.
1817 589 1887 640 Et
1911 589 2046 640 vires
2072 588 2312 639 reflexio-

159 700 283 731 num
312 692 431 732 sunt
455 692 513 732 ut
537 682 831 733 velocitates
858 691 910 732 et
934 681 1317 752 magnitudines
1344 691 1396 732 et
1421 680 1701 732 densitates
1739 680 1966 749 partium
2003 697 2312 747 correspon-

158 771 389 822 dentium
406 772 749 840 conjunctim3
776 771 831 822 id
850 781 943 834 est,
971 781 1030 823 ut
1048 772 1341 824 velocitates
1359 782 1410 824 et
1428 771 1802 824 diametrorum
1822 771 1942 822 cubi
1962 781 2014 822 et
2030 771 2310 822 densitates

155 864 396 929 partium.
476 864 547 916 Et
572 864 858 933 conjunctis
884 863 964 914 his
991 865 1230 915 omnibus
1256 863 1561 927 rationibUS,
1599 863 1907 915 resistentiae
1945 862 2171 931 partium
2196 880 2311 913 cor-

154 952 580 1020 respondentium
622 961 742 1003 sunt
790 951 857 1002 ad
905 951 1125 1003 invicem
1177 962 1235 1004 ut
1284 952 1538 1022 quadrata
1580 951 1910 1003 velocitatum
1960 961 2012 1003 et
2060 951 2312 1021 quadrata

155 1042 526 1095 diametrorum
551 1052 602 1095 et
626 1043 905 1095 densitates
930 1044 1156 1112 partium
1180 1045 1513 1113 conjunctim.
1588 1044 1658 1106 Q.
1686 1063 1730 1096 e.
1757 1044 1811 1095 d.

229 1139 391 1189 Corol.
418 1144 463 1188 1.
544 1136 712 1208 Igitur
747 1137 789 1188 si
826 1146 1105 1207 systemata
1143 1136 1232 1188 illa
1270 1137 1373 1188 sint
1409 1136 1569 1187 fluida
1603 1136 1709 1187 duo
1747 1136 1954 1187 elastica
1992 1137 2059 1188 ad
2095 1138 2310 1189 modum

154 1226 301 1288 a'eris,
347 1235 398 1277 et
433 1235 606 1293 partes
646 1243 824 1277 eorum
863 1226 1130 1295 quiescant
1167 1226 1302 1277 inter
1329 1245 1411 1277 se:
1453 1243 1678 1295 corpora
1703 1235 1878 1277 autem
1903 1226 2011 1277 duo
2037 1226 2223 1278 similia
2260 1238 2311 1278 et

152 1315 386 1383 partibus
421 1314 702 1366 fluidorum
741 1315 913 1384 quoad
949 1315 1359 1385 magnitudinem
1387 1324 1439 1365 et
1463 1314 1768 1365 densitatem
1795 1315 2219 1383 proportionalia,
2260 1328 2312 1368 et

151 1403 288 1454 inter
320 1412 494 1471 partes
528 1402 642 1453 illas
682 1402 913 1453 similiter
948 1402 1133 1470 posita,
1176 1401 1464 1453 secundum
1500 1401 1662 1453 lineas
1707 1402 1941 1453 similiter
1976 1403 2187 1470 positas,
2228 1416 2309 1456 ut-

150 1511 352 1563 cunque
369 1492 732 1561 projiciantur3
759 1494 893 1544 vires
910 1503 1085 1544 autem
1103 1493 1501 1555 acceleratriceS,
1532 1493 1718 1562 quibus
1737 1494 2006 1561 particulae
2025 1495 2309 1546 fluidorum

152 1600 206 1633 se
232 1590 417 1632 mutuo
444 1581 657 1651 agitant,
687 1581 790 1632 sint
815 1590 873 1632 ut
898 1599 1178 1650 corporum
1202 1582 1555 1650 projectorum
1580 1582 1820 1634 diametri
1845 1582 2065 1646 inverse,
2107 1595 2159 1635 et
2184 1604 2308 1654 qua-

150 1672 299 1723 drata
323 1670 654 1722 velocitatum
678 1671 904 1723 directe:
933 1690 1153 1740 corpora
1171 1672 1260 1723 illa
1275 1672 1596 1740 temporibus
1615 1674 2093 1742 proportionalibus
2115 1676 2306 1728 similes

152 1762 452 1815 excitabunt
477 1771 647 1813 motus
673 1762 728 1812 in
751 1762 942 1826 fluidis,
984 1773 1035 1815 et
1061 1764 1224 1832 spatia
1262 1763 1447 1815 similia
1471 1782 1531 1816 ac
1557 1764 1819 1818 diametris
1857 1767 1961 1818 suis
2001 1768 2059 1836 (⁶)
2086 1786 2307 1837 propor-

153 1851 367 1904 tionalia
392 1852 700 1905 describent.

230 1945 395 1996 Corol.
423 1951 473 1996 2.
552 1945 782 1997 Proinde
807 1946 861 1997 in
887 1946 1071 1998 eodem
1095 1947 1259 1999 fluido
1294 1949 1570 2019 projectile
1606 1949 1761 2001 velox
1797 1950 2141 2002 resistentiam
2173 1951 2306 2019 pati-

150 2040 251 2096 tur,
281 2052 396 2103 quae
424 2043 501 2085 est
524 2034 580 2085 in
605 2034 864 2103 duplicata
892 2035 1091 2087 ratione
1114 2036 1398 2089 velocitatis
1425 2037 1580 2108 quam
1603 2037 1858 2107 proxime.
1930 2039 2069 2091 Nam
2090 2040 2132 2090 si
2151 2038 2302 2103 vires,

156 2122 341 2191 quibus
377 2123 644 2192 particulae
681 2124 929 2177 distantes
956 2144 1011 2177 se
1035 2135 1217 2178 mutuo
1242 2127 1455 2198 agitant,
1494 2138 1810 2199 augerentur
1846 2130 1901 2180 in
1935 2129 2195 2198 duplicata
2223 2149 2305 2181 ra-

154 2211 295 2263 tione
321 2211 618 2278 velocitatis,
661 2214 724 2283 (²¹)
753 2215 1039 2266 resistentia
1063 2215 1196 2267 foret
1220 2217 1274 2267 in
1300 2216 1480 2269 eadem
1508 2217 1707 2270 ratione
1745 2218 2007 2287 duplicata
2034 2219 2273 2272 accurate
2288 2241 2302 2283 ;

154 2307 215 2376 (e)
242 2306 462 2377 ideoque
486 2308 541 2358 in
565 2308 754 2373 medio,
796 2311 939 2379 cujus
965 2319 1139 2379 partes
1165 2311 1231 2362 ab
1256 2311 1479 2364 invicem
1503 2312 1752 2364 diStantes
1779 2332 1891 2365 sese
1927 2313 2123 2365 viribus
2148 2313 2303 2365 nullis

151 2397 361 2468 agitant,
404 2398 693 2451 resistentia
729 2411 805 2452 est
841 2401 896 2451 in
934 2402 1196 2470 duplicata
1233 2397 1434 2455 ratione
1470 2404 1756 2457 velocitatis
1801 2405 2055 2458 accurate.
2136 2407 2302 2458 Sunto

148 2485 308 2556 igitur
331 2485 501 2536 media
524 2486 623 2538 tria
648 2488 715 2550 A,
747 2487 809 2551 Β,
843 2489 888 2540 C
915 2508 980 2540 ex
1004 2490 1238 2558 partibus
1275 2491 1524 2543 similibus
1551 2502 1603 2544 et
1627 2493 1913 2563 aequalibus
1939 2504 1989 2545 et
2016 2494 2301 2545 secundum

149 2575 411 2627 distantias
438 2577 660 2646 aequales
686 2579 993 2650 regulariter
1030 2581 1292 2651 dispositis
1319 2585 1620 2637 constantia.
1699 2586 1880 2638 Partes
1917 2585 2209 2638 mediorum
2248 2590 2300 2637 A

148 2676 199 2718 et
226 2667 272 2719 B
298 2666 502 2738 fugiant
527 2688 581 2721 se
607 2680 790 2722 mutuo
813 2671 1009 2723 viribus
1038 2692 1155 2742 quae
1181 2674 1283 2725 sint
1307 2674 1374 2725 ad
1399 2675 1620 2727 invicem
1645 2687 1703 2727 ut
1739 2676 1790 2728 T
1816 2685 1869 2728 et
1894 2677 1960 2740 V,
2001 2676 2103 2728 illae
2141 2676 2299 2727 medii

151 2755 196 2807 C
223 2756 473 2824 ejusmodi
497 2757 691 2809 viribus
717 2758 931 2810 omnino
961 2760 1321 2814 destituantur.
1399 2763 1470 2815 Et
1497 2764 1539 2814 si
1565 2782 1786 2832 corpora
1823 2776 2044 2834 quatuor
2081 2764 2300 2834 aequalia

147 2844 220 2909 D,
250 2845 313 2908 E,
345 2845 404 2909 F,
435 2846 489 2899 G
523 2847 579 2899 in
615 2847 697 2899 his
734 2849 919 2901 mediis
944 2861 1267 2916 moveantur,
1312 2853 1489 2921 priora
1525 2852 1631 2904 duo
1672 2854 1727 2906 D
1769 2864 1820 2906 et
1862 2855 1909 2906 E
1946 2855 1999 2905 in
2036 2854 2296 2923 prioribus

147 3022 189 3061 in
215 3025 434 3065 occursibus
464 3029 504 3066 id
523 3035 588 3074 est,
619 3036 665 3068 ut
691 3030 899 3070 velocitates
927 3038 964 3070 et
991 3033 1195 3071 diametro-

147 3091 240 3116 rum
254 3081 341 3119 cubi
354 3088 389 3118 et
403 3083 601 3120 densitates
614 3085 794 3131 partium
806 3087 1190 3135 correspondentiam·

146 3132 205 3170 Et
224 3133 435 3183 conjunctis
453 3136 509 3173 his
529 3138 701 3175 omnibus
719 3139 942 3184 rationibus,
962 3139 1033 3176 &c.

202 3183 258 3234 (⁰)
299 3188 320 3210 ³¹⁵
360 3188 666 3236 Propertionalia
712 3192 933 3232 describent.
1007 3190 1198 3230 Probatur

148 3236 252 3273 enim
286 3245 333 3275 ut
366 3239 408 3276 in
444 3239 545 3278 dem.
586 3241 702 3290 Prop.
747 3243 948 3281 XXXII.
992 3244 1197 3283 Lemmate

151 3289 269 3339 (189)
298 3289 441 3329 similes
458 3293 647 3332 similium
664 3295 883 3346 figurarum
902 3304 1029 3346 partes
1047 3306 1197 3347 tempo-

1249 3032 1424 3071 dentium
1444 3032 1651 3072 diametros
1669 3041 1707 3072 et
1725 3034 1942 3080 densitates,
1965 3034 2186 3074 resistentiae
2206 3042 2298 3074 sunt

1248 3086 1291 3123 in
1318 3085 1516 3136 duplicata
1547 3087 1696 3125 ratione
1725 3088 1970 3125 velocitatum
2000 3088 2176 3127 accurate
2212 3093 2298 3140 (per

1250 3140 1372 3230 8jlssrop.
1407 3140 1636 3178 XXXIII.
1673 3148 1713 3179 et
1747 3141 1831 3192 ejus
1871 3142 1998 3180 Corol.
2038 3142 2109 3192 1.).
2171 3142 2294 3193 Ergo,

1287 3206 1319 3231 c.

1305 3245 1363 3298 (e)
1385 3248 1408 3270 ⁸
1432 3247 1592 3297 Ide6que
1609 3249 1652 3286 in
1670 3250 1802 3292 medio,
1824 3248 1893 3285 &c.
1948 3248 1998 3286 In
2025 3248 2154 3286 medio
2186 3250 2298 3300 cujus

1251 3308 1378 3347 partes
1397 3301 1445 3345 ab
1463 3300 1629 3337 invicem
1648 3301 1832 3338 distantes
1859 3314 1940 3339 sese
1962 3302 2110 3339 viribus
2137 3303 2296 3351 quibus-

146 3341 254 3380 ribus
279 3344 627 3392 proportionalibus
644 3360 667 3385 a
686 3350 913 3397 corporibus
945 3350 1022 3387 illis
1048 3364 1199 3400 semper

147 3394 320 3434 describi.
370 3397 488 3435 Unde
505 3399 768 3439 Corollarium
788 3403 861 3441 hoc
881 3410 985 3453 patet
999 3405 1086 3456 (per
1104 3405 1192 3443 Cor.

153 3451 187 3486 1.
210 3456 250 3486 et
269 3454 304 3487 2.
331 3450 447 3499 Prop.
473 3451 719 3504 XXXII.).
740 3481 743 3485 -

201 3501 256 3552 (ἆ)
278 3505 299 3527 *
323 3506 665 3557 Resistentiafiret
685 3511 729 3546 in
748 3506 878 3547 elidem
900 3511 1048 3548 ratione
1067 3512 1201 3560 dupli-

150 3552 239 3594 cat&
258 3555 452 3595 accurate.
513 3558 617 3596 Nam
636 3559 669 3596 si
687 3560 790 3598 idem
811 3574 950 3609 corpus
977 3560 1083 3607 varia
1108 3576 1201 3601 cum

151 3606 352 3647 velocitate
369 3609 411 3646 in
428 3622 511 3648 uno
539 3611 753 3663 eodemque
779 3613 901 3652 fluido
919 3613 1095 3652 similiter
1111 3627 1198 3664 pro-

142 3657 309 3709 jiciatur,
341 3662 488 3700 eaedem
518 3673 610 3706 sunt
637 3666 874 3711 resistentiae‚
909 3680 953 3705 ac
981 3668 1012 3704 si
1044 3679 1203 3717 corpora

80 3732 83 3736 ⁴
147 3711 229 3750 duo
249 3712 395 3754 similia
406 3723 446 3753 et
472 3717 636 3767 aequalia
653 3714 830 3757 similiter
855 3720 1134 3771 projicerentur
1159 3722 1202 3759 in

147 3763 301 3804 duobus
318 3765 446 3805 fluidis
462 3771 579 3818 priori
598 3771 760 3809 omnino
779 3773 960 3821 paribus3
983 3769 1051 3811 sed
1069 3774 1110 3811 in
1124 3775 1200 3813 hoc

147 3828 251 3866 casu,
287 3821 337 3859 ob
373 3823 539 3872 aequales
569 3824 670 3863 inter
701 3837 741 3863 se
770 3825 942 3875 partium
976 3839 1198 3877 correspon-

1251 3365 1418 3402 cumque
1436 3353 1475 3389 in
1497 3353 1644 3391 ratione
1662 3353 1871 3392 velocitatis
1885 3354 2082 3402 duplicata
2096 3357 2309 3393 crescenti..

1251 3407 1324 3443 bus
1341 3405 1501 3455 agitant,
1522 3406 1735 3444 resistentia
1755 3409 1820 3458 (ex
1840 3407 1956 3447 modo
1975 3408 2100 3458 dem.)
2122 3416 2178 3446 est
2196 3421 2296 3445 sem⁴

1251 3471 1319 3507 per
1337 3458 1378 3495 in
1398 3457 1534 3496 eadem
1566 3459 1714 3498 ratione
1745 3460 1963 3509 duplicatii3
1998 3461 2116 3511 quare
2142 3462 2172 3499 si
2201 3462 2298 3498 vires

1253 3511 1330 3548 illae
1348 3511 1489 3561 quibus
1506 3512 1705 3559 particulae
1732 3526 1813 3551 sese
1839 3515 1997 3565 agitant,
2032 3522 2299 3563 supponantur

1254 3562 1372 3613 quam
1402 3564 1588 3610 minimae,
1623 3566 1794 3603 manebit
1826 3580 1976 3616 semper
2011 3568 2224 3605 resistentia
2255 3567 2296 3605 in

1254 3617 1402 3654 ratione
1415 3617 1625 3656 velocitatis
1639 3618 1834 3668 duplicata
1851 3619 2028 3658 accurate
2043 3635 2055 3665 ;
2071 3629 2299 3658 evanescant

1255 3670 1413 3707 tandem
1441 3670 1519 3707 illae
1547 3671 1655 3717 vires,
1685 3681 1818 3711 manet
1843 3673 2056 3710 resistentia
2082 3673 2123 3710 in
2150 3673 2298 3713 ratione

1255 3722 1466 3763 velocitatis
1492 3723 1710 3773 duplicata;
1746 3725 1813 3764 sed
1831 3726 1935 3763 idem
1953 3726 2093 3763 melius
2111 3734 2215 3774 patet
2231 3739 2300 3776 per

1253 3775 1464 3815 secundam
1484 3785 1631 3824 partem
1650 3778 1986 3818 demonstrationis
2020 3779 2298 3828 Propositionis

1251 3828 1369 3880 hujus
1390 3826 1635 3869 XXXIIL

1180 3897 1267 3936 N2
