2502 4192
266 278 370 324 208

775 275 1353 330 PHILOSOPHIAE‘
1381 275 1838 333 NATURALIS
1942 281 2128 346 [Mor.
2159 281 2412 335 Com-01³.

616 520 1089 574 PROPOSITIO
1128 520 1377 573 XXXV.
1454 521 1887 576 PROBLEMA
1924 523 2063 578 VII.

257 665 316 718 Si
339 666 547 716 medium
571 683 744 716 rarum
768 684 828 716 ex
842 667 1118 732 particulis
1142 684 1289 733 quam
1314 666 1533 717 minimis
1567 667 1921 734 quiescentibus
1953 670 2224 736 cequalibus
2257 678 2305 720 et
2339 673 2410 721 ad

325 754 541 820 oequales
565 752 629 802 ab
656 754 862 803 invicem
890 755 1163 805 distantias
1187 750 1341 803 libere?
1366 755 1623 819 dispositis
1647 761 1832 805 constet
1853 776 1870 804 .·
1915 756 2139 807 invenire
2174 758 2406 809 resisten-

324 844 449 893 tiam
468 843 609 911 globi
634 844 688 893 in
707 844 797 894 lzoc
814 846 975 895 medio
997 845 1317 914 uniformiter
1329 846 1720 913 progredientis.

327 991 440 1042 CaS.
472 997 518 1041 1.
595 989 876 1060 Cylindrus
920 989 1102 1041 eadem
1142 988 1395 1040 diametro
1433 996 1485 1038 et
1522 987 1793 1040 altitudine
1831 988 2121 1058 descriptus
2153 989 2403 1062 progredi

249 1078 568 1150 intelligatur
594 1078 774 1130 eadem
812 1078 1086 1131 velocitate
1124 1076 1410 1129 secundum
1445 1076 1825 1148 longitudinem
1862 1078 1972 1129 axis
2011 1079 2089 1130 sui
2126 1079 2180 1130 in
2218 1080 2402 1132 eodem

514 1168 584 1219 Et
606 1185 862 1236 ponamus
889 1166 1031 1238 quod
1048 1167 1317 1236 particulae
1342 1165 1517 1229 medii,
1556 1167 1611 1217 in
1637 1185 1762 1236 quas
1789 1167 1976 1237 globus
2012 1169 2088 1221 vel
2129 1170 2395 1240 cylindrus

1659 1255 1730 1307 Et
1770 1255 1890 1307 etim
1928 1257 2216 1310 resistentia
2250 1260 2395 1330 globi
2444 1281 2447 1283 ’

248 1167 437 1218 medic.

247 1255 445 1319 incidit,
473 1257 525 1307 vi
549 1257 850 1308 reflexionis
876 1274 1033 1326 quam
1068 1254 1296 1306 maxima
1335 1254 1580 1306 resiliant.

247 1350 364 1415 (per
393 1347 809 1415 Propositionem
834 1346 1187 1411 novissimam)
1227 1346 1291 1397 sit
1327 1345 1488 1414 duplo
1525 1346 1696 1397 minor
1733 1365 1888 1416 quam
1915 1349 2205 1401 resistentia
2230 1352 2393 1421 cylin-

244 1434 342 1497 dri,
390 1445 442 1486 et
483 1435 670 1506 globus
709 1436 775 1487 sit
812 1435 879 1487 ad
917 1435 1208 1506 cylindrum
1243 1444 1301 1486 ut
1330 1434 1435 1486 duo
1461 1434 1528 1486 ad
1563 1435 1678 1498 tria,
1725 1445 1777 1488 et
1815 1437 2079 1507 cylindrus
2117 1438 2396 1494 incidendo

241 1523 739 1592 perpendiculariter
792 1525 847 1575 in
901 1525 1197 1594 particulaS,
1261 1525 1503 1595 ipsasque
1566 1524 1721 1595 quam
1775 1527 2000 1580 maxime
2060 1521 2394 1594 reflecte'ndo,

243 1613 310 1681 (x)
339 1612 552 1681 duplam
589 1614 669 1664 sui
705 1614 866 1681 ipsius
892 1614 1216 1666 velocitatem
1241 1614 1365 1682 ipsis
1398 1615 1770 1667 communicet:
1813 1617 2095 1686 cylindrus,
2138 1638 2241 1689 quo
2266 1632 2396 1673 tem—

240 1720 370 1772 pore
395 1704 665 1756 dimidiam
688 1704 1071 1775 longitudinem
1097 1706 1207 1756 axis
1236 1704 1315 1756 sui
1340 1704 1666 1756 uniformiter
1701 1708 2088 1777 progrediendo
2126 1709 2390 1774 describit,

242 1794 644 1846 communicabit
682 1804 883 1846 motum
918 1795 1201 1864 particuliS,
1250 1799 1313 1863 (Υ)
1342 1795 1431 1864 qui
1457 1795 1522 1846 sit
1547 1794 1614 1845 ad
1639 1804 1806 1846 totum
1843 1795 2062 1865 cylindri
2102 1807 2301 1850 motum
2339 1811 2397 1853 ut

241 1883 466 1935 densitas
491 1883 649 1935 medii
675 1884 741 1934 ad
767 1884 1074 1936 densitatem
1100 1884 1353 1954 cylindri3
1394 1894 1445 1936 et
1469 1884 1673 1956 globus,
1703 1903 1807 1954 quo
1833 1895 2067 1955 tempore
2092 1897 2255 1939 totam
2279 1889 2394 1942 lon-

239 1973 530 2042 gitudinem
556 1972 795 2025 diametri
821 1991 929 2024 suae
955 1973 1280 2025 uniformiter
1307 1973 1694 2044 progrediendo
1720 1973 1982 2039 describit,
2013 1976 2076 2047 (2)
2105 1980 2393 2031 communi-

240 2065 379 2116 cabit
421 2076 629 2118 motum·
660 2067 884 2118 eundem
920 2066 1216 2135 particulis;
1261 2066 1322 2135 (ὃ)
1351 2076 1403 2118 et
1433 2085 1536 2136 quo
1574 2075 1808 2135 tempore
1846 2066 1975 2119 duas
2012 2069 2188 2121 tertias
2217 2079 2391 2139 partes

240 2154 478 2206 diametri
506 2174 612 2206 suae
638 2155 899 2217 describit,
941 2155 1342 2207 communicabit
1367 2164 1572 2205 motum
1597 2154 1881 2223 particulis,
1926 2156 2019 2226 qui
2042 2157 2108 2208 sit
2132 2157 2200 2209 ad
2225 2167 2393 2210 totum

237 2242 381 2313 globi
428 2253 628 2293 motum
676 2254 734 2295 ut
783 2243 1008 2295 densitas
1058 2243 1216 2295 medii
1265 2243 1332 2294 ad
1382 2243 1692 2295 densitatem
1739 2244 1901 2316 globi.
1996 2245 2067 2297 Et
2114 2256 2391 2315 propterea

237 2330 422 2400 globus
466 2332 810 2383 resistentiam
853 2333 1063 2402 patitur,
1116 2351 1233 2402 quae
1274 2333 1338 2384 sit
1378 2333 1446 2384 ad
1488 2333 1592 2383 vim
1636 2332 1737 2403 qua
1778 2344 1918 2386 totus
1943 2336 2050 2404 ejus
2094 2347 2263 2387 motus
2307 2337 2390 2390 vel

236 2421 426 2474 auferri
468 2425 632 2492 possit
673 2425 755 2476 vel
796 2425 1033 2495 generari
1075 2443 1179 2493 quo
1222 2434 1456 2492 tempore
1506 2425 1635 2475 duas
1685 2425 1861 2476 tertias
1911 2435 2086 2494 partes
2143 2426 2383 2479 diametri

237 2532 343 2564 suae
384 2515 702 2567 uniformiter
737 2515 1122 2587 progrediendo
1159 2515 1420 2580 describit,
1461 2527 1520 2568 ut
1552 2515 1777 2568 densitas
1802 2515 1961 2568 medii
1986 2516 2053 2569 ad
2079 2516 2387 2570 densitatem

235 2601 394 2672 globi.

294 2742 353 2795 (¹)
394 2746 416 2768 ²*
455 2744 633 2794 Duplam
670 2746 730 2783 sui
765 2746 881 2795 ipsius
920 2747 1160 2792 velocitatem,
1208 2746 1278 2784 διε.

243 2795 348 2834 cum
394 2797 559 2859 singula:
605 2798 818 2846 particulae,
874 2799 1037 2848 cylindri
1092 2808 1281 2847 respectu,

238 2850 410 2887 minimae
446 2857 535 2897 smt,
573 2850 605 2888 si
631 2851 740 2888 nulla
767 2860 864 2888 esset
895 2851 1171 2899 particularum
1201 2865 1282 2889 me-

240 2901 294 2939 dii
330 2902 497 2947 reflexio,
545 2903 679 2941 eadem
726 2917 817 2941 cum
862 2905 1038 2954 cylindro
1082 2905 1283 2943 velocitate

239 2964 512 3004 moverentur3
550 2970 594 2995 ac
630 2957 834 2995 accedente
871 2958 908 2994 vi
944 2957 1161 2996 reflexionis
1196 2971 1284 3007 per-

239 3007 354 3056 fecta,
412 3009 593 3048 velocitas
648 3010 717 3048 illa
772 3009 992 3059 duplicatur
1050 3013 1133 3062 (55.
1189 3012 1279 3050 Lib.

294 3111 352 3165 (y)
375 3118 395 3139 ⁴*
423 3118 498 3160 Qui
524 3118 573 3155 sit
604 3120 655 3155 ad
686 3125 808 3157 totum
835 3119 1004 3168 cylindri
1021 3125 1180 3164 motum,
1210 3118 1279 3156 &c.

244 3168 489 3212 Quantitates
506 3169 636 3208 motus
664 3177 756 3208 sunt
782 3178 826 3208 ut
855 3171 1073 3209 velocitates
1092 3178 1130 3208 et
1148 3184 1284 3209 massae

238 3221 500 3271 conjunctim3
538 3235 675 3260 massae
703 3222 793 3261 vero
826 3231 918 3261 sunt
945 3231 991 3262 ut
1022 3223 1220 3261 volumina
1246 3231 1285 3262 et

238 3273 445 3311 densitates
460 3290 472 3321 ;
501 3274 668 3326 ideoque
685 3276 918 3327 quantitates
935 3277 1064 3315 motus
1083 3285 1127 3315 ut
1145 3277 1282 3314 veloci-

237 3334 334 3365 tates
352 3334 390 3364 et
409 3328 607 3366 volumina
619 3337 657 3367 et
670 3330 875 3367 densitates
893 3330 1143 3381 conjunctim.
1178 3329 1283 3368 Cum

237 3379 357 3430 igitur
383 3380 580 3429 cylindrus
598 3395 675 3432 quo
693 3390 865 3432 tempore
883 3383 1083 3421 dimidiam
1111 3383 1281 3434 longitu-

237 3434 367 3471 dinem
388 3434 470 3471 axis
488 3434 547 3470 sui
569 3435 809 3473 uniformiter
836 3436 1116 3487 progrediendo
1141 3436 1282 3474 descri-

236 3488 304 3533 bit,
343 3486 461 3524 medii
493 3486 673 3524 volumen
705 3488 867 3527 dimidio
898 3490 1086 3527 volumini
1118 3489 1282 3539 cylindri

237 3540 385 3590 aequale
423 3539 544 3589 dupla
580 3552 672 3578 cum
711 3542 911 3580 velocitate
948 3550 1110 3587 moveat,
1158 3543 1282 3592 sitque

237 3592 399 3641 proinde
427 3593 573 3631 factum
602 3605 650 3630 ex
679 3595 876 3632 volumine
901 3596 1064 3645 cylindri
1092 3596 1134 3632 in
1160 3596 1281 3644 ipsius

236 3646 478 3684 velocitatem
499 3646 646 3696 aequale
660 3646 762 3684 facto
773 3660 820 3684 ex
835 3648 1031 3686 volumine
1045 3648 1161 3686 medii
1174 3655 1282 3686 moto

235 3698 276 3734 in
297 3699 379 3748 ejus
398 3699 650 3743 velocitatem,
680 3710 810 3737 motus
828 3701 1023 3748 particulis
1040 3701 1157 3739 medii
1176 3713 1281 3738 com-

236 3753 469 3797 munit-atus,
491 3752 562 3790 erit
580 3753 630 3790 ad
649 3760 775 3790 totum
794 3753 959 3802 cylindri
971 3762 1121 3792 motum
1133 3761 1178 3792 ut
1188 3753 1283 3792 den-

239 3802 329 3841 sitas
347 3805 465 3842 medii
484 3806 533 3843 ad
552 3805 780 3844 densitatem
799 3806 973 3855 cylindri.

295 3857 355 3902 (²)
375 3861 394 3881 ⁹*
415 3861 716 3898 Communicabit
735 3867 879 3899 motum
895 3862 1057 3899 eundem
1069 3859 1282 3910 particulis,

1337 2746 1387 2783 ob
1418 2744 1670 2783 resistentiam
1699 2744 1804 2795 globi
1831 2745 2045 2784 resistentia
2071 2746 2233 2796 cylindri
2262 2747 2384 2798 duplo

1337 2799 1526 2837 minorem
1550 2798 1688 2850 (Prop.
1714 2799 1932 2837 XXXIV.
1958 2799 2046 2837 Lib.
2072 2800 2156 2849 ΙΙ.)

1394 2850 1452 2901 (³)
1475 2854 1530 2890 Et
1556 2866 1628 2902 quo
1657 2860 1823 2902 tempore
1850 2855 1946 2891 duas
1974 2855 2102 2891 tertias
2128 2861 2272 2903 partes,
2305 2855 2376 2892 &c-

1337 2908 1359 2929 *
1384 2905 1481 2942 Huc
1498 2904 1596 2943 redit
1613 2905 1837 2954 compositio
1855 2907 2049 2943 rationum
2068 2919 2091 2942 a
2108 2907 2300 2945 Newtono
2318 2907 2380 2944 in-

1337 2958 1462 2996 dicata
1477 2973 1485 2995 z
1510 2965 1613 2995 totus
1631 2957 1735 3008 globi
1751 2965 1878 2995 motus
1892 2966 1948 2996 est
1966 2959 2015 2997 ad
2034 2958 2196 3009 cylindri
2214 2968 2379 3008 motum,

1336 3019 1381 3049 ut
1401 3016 1424 3047 2
1444 3011 1492 3048 ad
1511 3015 1549 3056 3,
1578 3012 1660 3049 haec
1679 3011 1782 3048 enim
1801 3018 1859 3048 est
1876 3011 2077 3062 utriusque
2094 3025 2230 3051 massae
2257 3013 2378 3061 ratio;

1338 3071 1444 3103 totus
1474 3063 1637 3113 cylindri
1669 3072 1801 3102 motus
1830 3072 1886 3103 est
1915 3064 1964 3102 ad
1995 3073 2146 3102 motum
2165 3079 2187 3103 a
2206 3066 2381 3116 cylindro

1338 3117 1666 3155 communicatum
1685 3129 1764 3166 quo
1781 3124 1953 3167 tempore
1963 3117 2160 3156 dimidiam
2173 3130 2282 3156 suam
2295 3118 2380 3156 lon-

1337 3170 1556 3222 gitudinem
1592 3170 1771 3208 describit
1807 3177 1853 3208 ut
1889 3169 2055 3208 densitas
2090 3171 2254 3220 cylindri
2283 3173 2379 3224 (sive

1337 3223 1461 3274 globi)
1474 3223 1524 3261 ad
1541 3222 1768 3260 densitatem
1782 3222 1912 3269 medii,
1932 3230 2062 3261 motus
2079 3223 2146 3262 ille
2164 3237 2187 3262 a
2205 3224 2379 3274 cylindro

1337 3276 1644 3314 communicatus
1662 3275 1765 3313 idem
1785 3282 1841 3313 est
1859 3288 1949 3313 cum
1968 3284 2079 3315 motu
2097 3291 2120 3315 a
2138 3277 2254 3328 globo
2272 3290 2378 3315 com-

1335 3329 1533 3367 municato
1551 3328 1646 3367 dum
1665 3336 1785 3366 totam
1797 3341 1907 3366 suam
1920 3329 2150 3368 diametrum
2165 3331 2375 3379 percurrit3

1336 3382 1502 3433 denique
1530 3389 1658 3420 motus
1690 3381 1755 3418 ille
1773 3395 1797 3419 a
1814 3382 1931 3432 globo
1956 3383 2263 3421 communicatus
2281 3383 2378 3422 dum

1335 3443 1456 3473 totam
1483 3447 1592 3472 suam
1620 3435 1853 3473 diametrum
1880 3435 2065 3483 percurrit
2083 3442 2140 3473 est
2157 3436 2205 3474 ad
2224 3443 2375 3473 motum

1335 3491 1383 3526 ab
1402 3501 1447 3526 eo
1465 3488 1582 3539 globo
1608 3489 1936 3526 communicatum
1955 3488 2050 3526 dum
2069 3489 2255 3537 percurrit
2281 3488 2378 3526 duas

1335 3541 1511 3580 diametri
1539 3554 1620 3578 suae
1647 3541 1776 3578 tertias
1802 3548 1928 3590 partes
1954 3548 1999 3578 ut
2025 3546 2051 3579 3
2069 3540 2118 3578 ad
2144 3546 2179 3585 2,
2210 3539 2376 3592 ideoque

1334 3601 1439 3633 totus
1466 3594 1572 3645 globi
1599 3600 1729 3631 motus
1765 3602 1822 3632 est
1857 3593 1906 3631 ad
1942 3601 2093 3631 motum
2122 3595 2170 3631 ab
2196 3607 2242 3632 eo
2269 3607 2375 3632 com-

1334 3648 1577 3685 municatum
1610 3646 1705 3684 dum
1735 3646 1923 3695 percurrit
1958 3646 2055 3684 duas
2089 3645 2267 3685 diametri
2294 3660 2374 3685 suae

1334 3708 1460 3750 partes
1486 3700 1721 3751 conjunctim
1749 3706 1795 3737 ut
1822 3704 1847 3738 2
1873 3698 1923 3737 ad
1939 3703 1978 3744 5,
2006 3706 2052 3737 ut
2077 3698 2245 3738 densitas
2270 3699 2377 3751 globi

1335 3753 1386 3791 ad
1412 3752 1639 3791 densitatem
1666 3752 1796 3796 medii,
1830 3759 1869 3790 et
1894 3758 1940 3789 ut
1956 3756 1983 3789 5
2000 3751 2049 3789 ad
2078 3756 2112 3795 2,
2146 3752 2224 3790 sive
2252 3751 2375 3802 prima

1336 3806 1485 3844 ratione
1511 3813 1550 3843 et
1575 3804 1647 3843 hac
1675 3804 1813 3843 ultima
1845 3816 1926 3842 sese
1961 3805 2296 3853 compensantibus
2329 3812 2376 3844 ut

1338 3859 1506 3898 densitas
1519 3858 1625 3910 globi
1643 3857 1693 3897 ad
1711 3857 1936 3896 densitatem
1954 3857 2084 3896 medii.
2146 3858 2197 3904 Q.
2221 3870 2254 3897 e.
2276 3857 2314 3896 d.
