2502 4192
232 299 332 345 150
747 288 1314 344 PHILOSOPHIAE
1353 289 1808 344 NATURALIS
1921 290 2374 354 [Moneonpon.

297 438 461 488 Corol.
491 444 542 490 5.
586 437 663 504 (m)
685 436 754 487 Et
774 431 1146 497 universaliter,
1176 434 1433 504 quantitas
1458 432 1688 483 materiae
1715 432 1959 499 pendulae
1985 441 2062 484 est
2085 441 2144 483 ut
2167 432 2375 501 pondus

223 535 275 578 et
300 525 610 597 quadratum
636 523 882 593 temporis
909 522 1121 585 directe,
1151 533 1202 574 et
1226 521 1501 592 longitudo
1526 520 1742 589 penduli
1766 520 1982 572 inverse.

298 618 461 669 Corol.
491 625 541 669 6.
599 615 701 668 Sed
729 626 780 666 et
804 633 859 665 m
883 615 1059 666 medio
1085 633 1191 665 non
1217 614 1487 665 resistente
1514 614 1770 682 quantitas
1795 613 2024 664 materiae
2039 610 2284 681 pendulae
2304 619 2383 662 est

219 714 278 758 ut
301 704 506 774 pondus
532 703 942 772 comparativum
973 713 1024 754 et
1051 699 1361 773 quadratum
1385 702 1632 770 temporis
1658 700 1852 752 directe
1880 711 1932 753 et
1955 701 2227 772 longitudo
2252 717 2382 768 pen-

219 793 331 846 duli
355 791 574 844 inverse.
652 790 790 843 Nam
814 791 1020 861 pondus
1045 791 1453 860 comparativum
1480 803 1557 843 est
1580 791 1656 843 vis
1682 790 1874 842 motrix
1909 792 2139 859 corporis
2178 791 2233 843 in
2263 808 2374 841 me-

221 883 309 935 dio
335 882 514 953 quovis
541 881 702 952 gravi,
734 882 798 949 (¹¹)
826 891 884 932 ut
911 899 1068 949 supra
1093 881 1349 955 explicui3
1376 880 1598 950 ideoque
1624 879 1763 931 idem
1789 888 2006 948 praestat
2028 879 2083 929 in
2101 878 2192 930 tali
2207 877 2380 929 medio

219 993 326 1026 non
352 974 619 1026 resistente
645 984 798 1043 atque
824 974 1029 1042 pondus
1056 973 1351 1024 absolutum
1375 972 1429 1023 in
1454 990 1633 1023 vacuo.

296 1065 458 1116 Corol.
489 1069 537 1118 7.
620 1064 684 1132 (⁰)
715 1063 786 1115 Et
810 1062 932 1113 hinc
969 1063 1132 1132 liquet
1170 1062 1301 1113 ratio
1339 1071 1451 1112 tum
1496 1060 1832 1129 comparandi
1873 1077 2094 1128 corpora
2134 1058 2269 1109 inter
2307 1076 2378 1118 se,

222 1152 396 1223 quoad
423 1153 765 1222 quantitatem
791 1152 1020 1203 materiae
1046 1152 1100 1201 in
1127 1149 1344 1221 singulis
1359 1168 1374 1211 3
1411 1160 1523 1201 tum
1549 1149 1885 1218 comparandi
1903 1148 2138 1217 pondera
2154 1146 2385 1216 ejusdem

222 1241 454 1308 corporis
498 1241 553 1291 in
597 1240 812 1292 diversis
856 1239 1001 1302 lociS,
1050 1239 1114 1308 (P)
1141 1238 1209 1289 ad
1249 1237 1665 1308 cognoscendam
1707 1236 2051 1287 variationem
2093 1235 2376 1305 gravitatis.
2436 1306 2438 1308 V

226 1330 404 1381 Factis
437 1339 611 1380 autem
645 1328 1013 1397 experImentis
1048 1344 1205 1396 quam
1241 1325 1635 1377 accuratissimis
1672 1325 1847 1375 inveni
1884 1342 2088 1391 semper
2125 1324 2384 1392 quantita-

222 1429 329 1471 tem
354 1419 585 1471 materiae
611 1419 666 1469 in
691 1418 997 1487 corporibus
1024 1415 1238 1488 singulis
1265 1433 1446 1468 eorum
1470 1413 1692 1484 ponderi
1706 1413 2150 1483 proportionalem
2177 1433 2305 1466 esse.

603 1664 1075 1718 PROPOSITIO
1116 1663 1304 1717 XXV.
1382 1660 1835 1717 THEOREMA
1881 1662 2015 1715 XX.

227 1828 455 1894 Corpora
460 1827 816 1894 funependula
841 1827 1030 1894 quibus,
1058 1828 1113 1876 in
1137 1827 1297 1876 medio
1322 1826 1507 1893 quovis,
1536 1826 1787 1876 resistitur
1815 1826 1870 1875 in
1894 1825 2095 1875 ratione
2120 1830 2385 1873 momento-

301 1935 409 1967 rum
434 1916 683 1981 temporis,
724 1923 771 1966 et
796 1932 1007 1982 corpora
1024 1915 1385 1983 funependula
1413 1932 1522 1981 quae
1545 1915 1599 1964 in
1626 1913 1834 1980 ejusdem
1854 1914 2131 1980 gravitatis
2156 1913 2392 1979 specfficae

301 2009 464 2059 medio
500 2024 600 2056 non
639 2007 896 2057 resistente
931 2014 1201 2068 moventur,
1251 2006 1583 2056 oscillationes
1622 2005 1676 2054 in
1713 2005 1929 2072 cycloide
1973 2005 2135 2053 eodem
2177 2010 2393 2069 tempore

286 2106 563 2166 peragunt,
593 2106 640 2148 et
665 2115 867 2148 arcuum
883 2105 1064 2163 partes
1083 2097 1489 2163 proportionales
1514 2097 1658 2147 simul
1684 2095 1977 2146 describunt.

306 2259 384 2311 Sit
411 2259 462 2309 A
492 2258 538 2309 B
566 2257 811 2327 cycloidis
838 2276 1008 2319 arcus,
1039 2275 1192 2326 quem
1221 2275 1409 2325 corpus
1436 2257 1491 2309 D
1518 2267 1753 2325 tempore
1792 2257 1971 2327 quovis
2010 2257 2064 2307 in
2088 2257 2261 2308 medio
2287 2275 2393 2308 non

227 2350 498 2402 resistente
524 2342 807 2399 oscillando
835 2348 1098 2399 describit.
1182 2348 1456 2399 Bisecetur
1481 2347 1619 2399 idem
1645 2348 1698 2397 in
1729 2348 1789 2409 C,
1818 2348 1890 2398 ita
1917 2359 1973 2398 ut
2002 2348 2046 2399 C
2073 2348 2133 2399 fit
2157 2349 2391 2399 infimum

231 2443 341 2511 ejus
375 2452 629 2510 punctum
646 2461 659 2503 3
707 2451 758 2492 et
785 2441 882 2492 erit
908 2440 983 2491 vis
1013 2439 1350 2491 acceleratrix
1388 2438 1488 2510 qua
1529 2458 1713 2508 corpus
1751 2449 1968 2509 urgetur
1992 2439 2047 2489 in
2071 2439 2188 2490 loco
2214 2439 2397 2508 quovis

235 2602 277 2641 in
297 2602 471 2652 pendulo
488 2603 523 2640 A
538 2602 681 2642 directe
699 2611 738 2643 et
755 2604 838 2655 ejus
856 2603 1064 2655 longitudo
1082 2604 1230 2643 inverse
1244 2606 1294 2643 ad
1348 2613 1427 2645 tate
1445 2614 1483 2646 et
1501 2607 1693 2659 elegantia
1720 2608 1878 2657 exponit
1906 2608 1947 2647 in
1970 2609 2242 2648 Monumentis
2265 2610 2392 2649 Acad.

238 2655 394 2705 pondus
413 2668 451 2694 et
469 2657 701 2707 quadratum
721 2658 904 2706 temporis
919 2659 1081 2707 penduli
1101 2660 1133 2697 C
1152 2658 1295 2698 directe
1355 2662 1456 2712 Reg.
1481 2663 1619 2700 Scient.
1645 2674 1707 2699 an.
1734 2666 1849 2701 1755.

234 2716 274 2746 et
293 2709 376 2759 ejus
397 2710 684 2761 longitudinem
702 2710 863 2749 inverse.
930 2713 980 2756 Q.
1006 2725 1038 2750 e.
1063 2712 1101 2750 d.
1133 2715 1288 2752 univer·
1401 2719 1488 2754 179.
1545 2716 1651 2759 Quia
1684 2716 1837 2753 numeri
1867 2716 2152 2754 oscillationum
2184 2717 2398 2768 oequalibus

225 2765 372 2801 ‘salicem

295 2815 413 2854 Unde
445 2799 484 2853 si
506 2824 545 2855 et
572 2825 745 2866 tempora
781 2825 819 2856 et
851 2818 1083 2869 quantitates
1118 2819 1290 2858 materiae

237 2868 372 2906 eadem
401 2878 503 2914 sunt,
538 2870 710 2919 pondera
737 2879 828 2909 sunt
846 2879 892 2909 ut
911 2872 1178 2923 longitudines
1195 2886 1290 2922 pen-

238 2921 421 2959 dulorum
441 2922 594 2961 directe.

292 2991 359 3043 (m)
384 2995 404 3016 ⁴*
429 2995 484 3031 Et
503 2995 775 3032 universaliter.
833 2993 936 3032 Vide
954 3003 1088 3033 notam
1115 2996 1288 3045 superi0-

239 3056 334 3082 rem.

244 3116 351 3206 Χὲἓ)
376 3120 395 3141 ⁸
427 3120 478 3157 Ut
499 3132 618 3169 supra
633 3120 801 3170 explicui,
822 3119 863 3156 in
887 3119 976 3158 Cor.
1002 3125 1040 3159 6.
1062 3128 1100 3159 et
1119 3125 1156 3159 8.
1174 3120 1294 3171 Prop.

305 3239 360 3291 (⁰)
384 3243 405 3265 ³*
430 3244 482 3280 Ee
503 3244 592 3281 hinc
617 3245 733 3293 liquet
750 3245 858 3288 ratio,
880 3244 950 3282 &c.
1014 3244 1118 3282 Nam
1134 3257 1181 3282 ex
1200 3245 1299 3284 datis

248 3293 510 3343 pendulorum
539 3295 860 3347 longitudinibus,
890 3296 1174 3335 oscillationum
1203 3306 1301 3335 tem-

249 3347 420 3395 poribus,
456 3355 494 3384 et
531 3350 765 3396 ponderibus
802 3362 1020 3398 corporum,
1055 3351 1170 3389 datur
1206 3352 1302 3389 ratio

250 3399 513 3449 quantitatum
554 3402 726 3439 materiae
764 3402 806 3440 in
843 3402 921 3441 illis
957 3403 1178 3453 corporibus
1216 3407 1303 3457 (per

255 3454 344 3491 Cor.
365 3453 463 3502 V.);
493 3462 531 3491 et
549 3462 691 3492 contra.

306 3506 364 3556 (Ρ)
388 3509 409 3530 *
434 3509 497 3544 Ad
517 3511 812 3555 cognoscendam
831 3511 1080 3549 variationem
1091 3512 1300 3560 gravitatis.

255 3559 337 3598 Ubi
357 3558 462 3596 enim
481 3559 653 3610 ejusdem
669 3562 828 3608 penduli
847 3562 1106 3600 oscillationes
1121 3565 1305 3602 tardiores

253 3620 356 3657 sunt,
378 3612 575 3663 gravitatis
593 3613 707 3658 actio,
737 3615 883 3652 coeteris
901 3617 1067 3663 paribus,
1088 3617 1217 3660 minor
1235 3625 1303 3663 est,

254 3679 346 3704 cum
365 3666 405 3702 in
426 3665 562 3703 eodem
582 3666 754 3714 pendulo
769 3668 939 3716 pondera
957 3669 1034 3706 sint
1052 3670 1242 3718 reciproce
1261 3678 1307 3707 ut

255 3719 443 3769 quadrata
472 3727 689 3768 temporum
712 3727 797 3768 (per
820 3721 909 3759 Cor.
931 3722 1001 3772 5.).
1065 3724 1140 3760 Sed
1172 3723 1222 3761 de
1248 3723 1308 3761 his

254 3771 370 3821 plura
383 3772 433 3810 ad
448 3773 565 3821 Prop.
585 3772 687 3810 XX.
710 3772 797 3810 Lib.
818 3773 904 3811 ΙΙΙ.
924 3773 1114 3813 dicentur.
1150 3777 1309 3821 Quanta

257 3832 390 3862 autem
410 3825 451 3862 in
466 3825 542 3863 illis
553 3825 826 3875 experimentis
843 3825 1061 3866 adhibenda
1078 3829 1127 3866 sit
1144 3829 1310 3879 diligen-

257 3878 325 3923 tia,
355 3878 476 3917 claris.
504 3879 558 3918 D.
581 3879 630 3917 de
651 3879 808 3918 Mairan
827 3878 873 3918 eii
892 3879 969 3930 qua
988 3881 1084 3919 solet
1102 3882 1311 3932 perspicui-

1343 2768 1579 2817 temporibus
1608 2782 1631 2806 a
1662 2768 1819 2806 diversis
1855 2769 2035 2818 pendulis
2072 2770 2396 2808 absolvendarum

1346 2830 1439 2859 sunt
1457 2820 1650 2870 reciproce
1670 2829 1715 2859 ut
1733 2829 1906 2871 tempora
1928 2824 2068 2873 quibus
2095 2823 2260 2874 singulae
2287 2824 2400 2862 oscil-

1344 2874 1507 2912 lationes
1532 2874 1635 2913 fiunt
1657 2877 1767 2926 (473.
1793 2876 1882 2914 Lib.
1908 2876 1982 2926 L),
2013 2876 2168 2914 numeri
2194 2876 2398 2915 oscillatio-

1345 2938 1444 2965 num
1480 2928 1695 2979 aequalibus
1731 2929 1971 2978 temporibus
2006 2937 2247 2979 peractarum
2285 2936 2400 2968 erunt

1349 2983 1435 3033 (per
1457 2982 1544 3020 Cor.
1569 2985 1606 3021 5.
1634 2983 1749 3031 Prop.
1774 2983 1911 3033 hujus)
1944 2983 1986 3020 in
2014 2982 2224 3032 composita
2252 2984 2400 3021 ratione

1348 3045 1396 3073 ex
1433 3035 1580 3073 ratione
1617 3035 1889 3084 subduplicata
1923 3035 2067 3074 directa
2101 3037 2319 3085 ponderum
2361 3043 2401 3074 et

1349 3087 1629 3137 subduplicatis
1668 3088 1883 3127 rationibus
1916 3089 2075 3127 inversis
2111 3100 2325 3127 massarum
2361 3095 2401 3127 et

1351 3140 1643 3193 longitudinum
1661 3141 1948 3190 pendulorum3
1982 3142 2072 3187 sive,
2101 3143 2285 3191 quoniam
2303 3155 2401 3191 pon-

1352 3194 1428 3232 dus
1454 3201 1511 3232 est
1528 3202 1574 3231 ut
1589 3194 1736 3232 factum
1756 3207 1803 3232 ex
1822 3193 1948 3233 massa
1965 3195 2007 3232 in
2026 3196 2104 3232 vim
2123 3196 2319 3246 gravitatis
2336 3208 2398 3233 ac-

1353 3247 1624 3294 celeratricem‚
1638 3255 1752 3285 erunt
1766 3248 1938 3296 praedicti
1952 3248 2235 3286 oscillationum
2248 3247 2401 3287 numeri

1355 3300 1397 3338 in
1415 3300 1562 3339 ratione
1581 3301 1851 3350 subduplicata
1877 3301 2021 3339 directa
2038 3302 2179 3340 virium
2206 3301 2402 3354 gravitatis

1355 3354 1663 3392 acceleratricum
1711 3361 1749 3391 et
1774 3354 1922 3392 ratione
1946 3355 2213 3404 subduplicatzi
2231 3355 2403 3407 longitu-

1356 3406 1495 3444 dinum
1521 3407 1782 3455 pendulorum
1799 3406 1974 3455 inversi&
2001 3420 2045 3446 ac
2063 3408 2225 3456 proinde
2250 3408 2401 3457 pendu·
2422 3450 2426 3454 ⁶

1356 3459 1483 3497 lorum
1511 3459 1774 3509 inaequalium,
1808 3460 1874 3498 sed
1902 3461 2036 3499 eadem
2051 3462 2088 3498 vi
2106 3462 2302 3512 gravitatis
2319 3461 2402 3512 agi-

1358 3520 1539 3558 tatorum,
1573 3513 1725 3551 numeri
1757 3513 2041 3552 oscillationum
2068 3514 2203 3552 eodem
2232 3524 2403 3563 tempore

1359 3565 1677 3603 absolvendarum
1709 3574 1801 3604 sunt
1831 3567 1873 3603 in
1910 3566 2102 3615 reciproca
2133 3565 2405 3616 subduplicata

1359 3619 1505 3656 ratione
1537 3619 1828 3669 longitudinum
1864 3620 2136 3670 pendulorum,
2177 3629 2216 3657 et
2250 3619 2405 3657 numeri

1360 3672 1648 3710 oscillationum
1689 3673 1729 3709 in
1774 3673 1926 3711 duobus
1969 3672 2150 3721 pendulis
2193 3673 2405 3723 aequalibus

1361 3733 1477 3763 erunt
1502 3725 1544 3762 in
1568 3724 1838 3775 subduplicatii
1863 3725 2009 3764 ratione
2035 3724 2173 3763 virium
2192 3725 2400 3776 gravitatis.

1365 3778 1467 3815 Haec
1486 3786 1543 3816 est
1559 3778 1695 3829 regula
1712 3790 1829 3830 quam
1842 3779 1892 3817 ad
1910 3778 2184 3827 comparandas
2202 3790 2405 3827 corporum

1365 3832 1569 3879 gravitates
1586 3830 1703 3870 tradit
1720 3832 1748 3872 J
1749 3833 1811 3871 oh.
1839 3830 2039 3871 Berno'ulli
2058 3831 2099 3870 in
2121 3831 2233 3872 Actis
2245 3830 2402 3871 Erudit.

1367 3883 1472 3933 Lips.
1494 3897 1555 3923 an.
1578 3887 1693 3923 1713.
