2502 4192
149 269 336 319 met
363 264 636 329 Saeuum]
703 264 1107 318 PRINCIPIA
1147 259 1769 317 MATHEMATICA.

146 403 428 458 retardans

2196 273 2298 320 169

505 404 570 456 In
596 406 861 473 superiore
891 405 1253 474 propositione
1276 403 1635 474 rectangulum
1661 402 1758 454 sub
1784 400 1921 453 recta
1952 406 1981 469 ᾖ
2009 422 2041 454 a
2069 405 2116 456 Β
2141 416 2193 457 et
2216 426 2299 458 ar-

146 513 302 549 cuum
338 494 548 547 illorum
591 497 636 548 C
664 498 728 560 B,
785 497 829 549 C
855 517 887 549 a
923 497 1212 549 differentia
1256 497 1306 547 A
1333 516 1362 547 a
1403 494 1615 565 aequalis
1661 503 1772 546 erat
1819 511 1955 545 areae
1998 492 2045 546 B
2082 493 2135 546 K
2176 495 2228 549 T
2253 515 2299 550 a.

430 1362 689 1413 ''AMN'
733 1362 781 1406 a

150 1538 222 1591 Et
269 1532 390 1589 area
436 1533 543 1598 illa,
608 1531 651 1585 si
699 1542 906 1585 maneat
967 1531 1242 1604 longitudo
1288 1550 1320 1583 a
1363 1530 1429 1594 B,
1493 1540 1712 1602 augetur
1760 1529 1843 1583 vel
1891 1529 2198 1584 diminuitur
2253 1533 2308 1586 in

148 1628 347 1682 ratione
390 1624 669 1678 ordinatim
708 1625 1082 1693 applicatarum
1127 1624 1182 1677 D
1226 1622 1307 1685 K;
1352 1621 1455 1674 hoc
1498 1633 1591 1686 est,
1636 1623 1692 1674 in
1734 1622 1935 1676 ratione
1978 1625 2305 1687 resistentiae,

149 1722 212 1792 (b)
240 1717 464 1791 ideoque
490 1724 568 1773 est
592 1724 650 1766 ut
674 1714 948 1787 longitudo
986 1734 1017 1766 a
1045 1714 1091 1767 B
1130 1723 1182 1766 et
1220 1712 1510 1765 resistentia
1552 1713 1890 1784 conjunctim.
1969 1713 2307 1787 Proindeque

150 1882 330 1934 gentialis
344 1893 459 1931 supra
476 1877 756 1926 resistentiam3
784 1878 857 1916 erit
875 1878 994 1930 igitur
1014 1878 1072 1917 vis
1090 1892 1198 1919 acce·
1255 1879 1360 1918 tione
1391 1878 1495 1925 data,
1531 1892 1577 1919 ac
1608 1892 1678 1928 per
1708 1893 1947 1931 consequens
1973 1894 2108 1920 omnes
2135 1884 2307 1922 retarda-

626 1932 872 2035 ῙΞ-ΟἮΧΕῘΞῘ
887 1987 941 1997 -
962 1965 1004 2004 D
1021 1964 1076 2004 K.
1113 1966 1201 2005 Du-

150 2063 259 2093 catur
275 2055 360 2091 haec
387 2052 444 2090 vis
470 2051 513 2089 in
538 2051 777 2089 elementum
795 2050 909 2100 spatii
939 2052 981 2090 D
1001 2051 1040 2098 d,
1069 2059 1108 2090 et
1135 2051 1200 2090 fiet

152 2108 241 2146 PC
265 2113 306 2154 ><
333 2105 548 2145 Ee—D
572 2104 675 2151 ΚΧ
701 2103 1201 2150 Dd=vdv,siveloci-

149 2169 208 2199 tas
239 2161 281 2198 in
309 2159 397 2198 loco
428 2159 470 2197 D
489 2158 580 2197 sitv
602 2159 687 2209 (18,
711 2157 806 2208 19);
838 2164 879 2197 et
909 2158 1012 2206 hinc,
1043 2159 1207 2207 sumptis

155 2214 379 2259 fluentibus,
398 2213 564 2251 habetur
586 2211 622 2250 P
645 2211 678 2250 C
702 2215 746 2258 Χ
772 2212 809 2250 G
831 2212 869 2250 E
888 2234 943 2244 —
963 2213 999 2251 B
1023 2212 1066 2251 K
1087 2212 1128 2250 D
1145 2229 1204 2250 =

152 2268 281 2319 {vm
343 2266 431 2305 Fiat
461 2266 497 2304 B
522 2265 641 2303 D=
664 2264 700 2303 B
723 2265 776 2312 A,
806 2264 1119 2311 etide6v=o,
1147 2274 1207 2305 at-

150 2334 227 2371 que
264 2320 456 2360 GE=
489 2318 953 2358 Gc-CH=G
983 2320 1041 2366 H,
1070 2320 1208 2359 eterit

158 2375 194 2413 P
226 2375 326 2421 ΟΧ
354 2372 592 2412 GH-—B
623 2371 667 2410 K
698 2372 737 2410 A
769 2373 936 2420 B=o,
971 2386 1016 2411 ac
1046 2373 1207 2422 proinde

159 2425 781 2475 Pc><GH=BKAB.
838 2426 1011 2471 aad.

210 2480 269 2533 (³)
294 2483 315 2505 ¹*
342 2481 476 2520 Oritur
501 2481 609 2519 enim
639 2481 854 2534 differentia
881 2482 948 2519 illa
976 2494 1020 2519 ex
1036 2483 1209 2519 retarda-

153 2536 256 2574 tione
269 2536 439 2585 penduli
456 2547 525 2584 per
542 2534 791 2573 resistentiam
805 2536 930 2574 medii.
972 2536 994 2559 ²*
1019 2534 1210 2573 Dividan-

154 2594 222 2627 tur
249 2599 362 2626 arcus
379 2600 402 2625 a
421 2586 576 2625 duobus
602 2585 784 2636 pendulis
812 2586 991 2637 descripti
1017 2587 1059 2625 in
1085 2594 1212 2636 partes

157 2639 464 2692 proportionales
475 2637 627 2678 infinite
636 2653 782 2689 parvas,
799 2647 839 2679 et
851 2647 977 2679 totum
992 2640 1092 2679 illud
1106 2641 1211 2692 quod

156 2695 264 2732 deest
291 2694 450 2745 singulo
482 2693 601 2739 arcui,
632 2693 773 2743 poterit
798 2694 950 2744 concipi
977 2702 1023 2733 ut
1049 2694 1211 2734 effectus

155 2747 461 2786 retardationum
480 2759 577 2797 quas
595 2759 756 2796 corpora
781 2760 893 2797 passa
918 2755 1010 2786 sunt
1035 2748 1209 2799 singula-

158 2812 248 2839 rum
280 2800 437 2838 illarum
465 2799 743 2849 particularum
769 2800 893 2846 initio,
925 2802 1094 2850 spatium
1119 2801 1211 2841 vero

158 2853 265 2904 quod
281 2862 441 2903 propter
459 2852 656 2904 singulam
673 2853 969 2893 retardationem
988 2854 1126 2899 deficit,
1154 2862 1213 2894 est

159 2913 207 2944 ut
235 2906 304 2944 illa
335 2905 543 2944 retardatio
580 2912 620 2945 et
653 2913 809 2956 tempus
841 2919 907 2955 per
938 2907 1044 2958 quod
1074 2920 1213 2957 corpus

159 2966 314 2998 motum
344 2959 424 2998 fuit
449 2965 536 3009 post
562 2958 672 2997 illam
692 2959 990 2999 retardationem
1020 2968 1213 3010 receptam

160 3024 286 3063 usque
317 3012 368 3050 ad
398 3012 519 3050 finem
546 3012 819 3061 oscillationis3
856 3013 924 3053 sed
959 3013 1143 3065 quoniam
1170 3015 1212 3054 in

161 3065 469 3105 oscillationibus
487 3073 580 3104 utut
598 3066 856 3116 inaequalibus
873 3074 1047 3117 tempora
1072 3068 1213 3118 quibus

161 3118 306 3158 similes
324 3131 488 3157 arcuum
506 3126 634 3169 partes
653 3118 922 3159 describuntur
933 3128 1025 3159 sunt
1039 3121 1213 3172 aequalia,

162 3170 207 3209 in
224 3170 352 3210 medio
370 3184 452 3210 non
477 3172 691 3219 resistente,
724 3180 764 3211 et
790 3172 830 3211 in
858 3174 988 3213 medio
1018 3174 1216 3214 resistente

168 3224 304 3263 saltem
321 3224 439 3276 quam
457 3225 643 3275 proxime,
661 3225 778 3279 (180)
794 3227 915 3277 spatia
924 3240 1012 3278 quae
1031 3227 1217 3268 deficiunt

165 3285 321 3327 propter
338 3278 611 3318 retardationes
629 3279 671 3317 in
681 3280 1029 3329 proportionalibus
1046 3293 1207 3321 arcuum

165 3331 538 3383 partibus-receptas,
558 3339 648 3371 sunt
664 3340 710 3372 ut
726 3333 804 3371 illae
818 3334 1103 3374 retardationes.

220 3387 242 3409 ¹*
264 3384 356 3425 Ideo
387 3384 606 3436 differentia
636 3400 803 3427 arcuum
834 3396 890 3427 est
918 3397 966 3428 ut
1000 3391 1205 3429 retardatio

166 3443 257 3484 tota,
296 3439 406 3489 eique
437 3440 732 3489 proportionalis
762 3443 972 3482 resistentia
1004 3445 1213 3489 retardans,

166 3490 200 3528 si
236 3491 468 3541 quantitates
502 3491 674 3530 materiae
710 3506 916 3543 corporum
956 3494 1216 3544 pendulorum

169 3542 249 3582 sint
292 3544 471 3595 aequales,
516 3545 720 3584 retardatio
764 3547 806 3585 in
851 3548 1015 3599 singulis
1054 3561 1216 3587 arcuum

170 3594 449 3647 descriptorum
480 3599 651 3646 partibus
676 3607 734 3637 est
759 3607 805 3639 ut
830 3601 1043 3640 resistentia
1073 3601 1116 3639 in
1150 3601 1216 3641 iis-

169 3647 261 3689 dem
278 3650 383 3698 locis,
419 3650 489 3689 sed
516 3658 561 3689 ut
586 3651 808 3692 resistentiae
834 3662 926 3693 sunt
951 3654 992 3692 in
1018 3649 1110 3693 flata
1122 3655 1217 3705 qua-

171 3700 263 3740 dam
294 3703 383 3756 lege
414 3704 655 3742 velocitatem
687 3718 735 3743 ex
770 3707 972 3756 hypothesi
1008 3715 1047 3746 et
1081 3708 1222 3747 veloci-

174 3760 273 3793 tates
303 3756 345 3794 in
372 3770 536 3797 arcuum
562 3758 733 3808 partibus
759 3760 1105 3809 proportIOnalibus
1130 3769 1224 3801 sunt

162 3806 221 3857 ¹in
257 3809 405 3848 ratione
446 3810 550 3858 data,
593 3810 683 3850 ideo
719 3813 943 3851 resistentiae
980 3814 1019 3852 in
1060 3815 1223 3866 singulis

172 3873 336 3900 arcuum
372 3864 546 3914 partibus
572 3866 920 3915 proportionalibus
960 3875 1051 3906 sunt
1085 3869 1126 3906 in
1162 3881 1222 3908 ra·-

147 1967 303 2006 leratrix
321 1966 363 2004 in
382 1967 469 2005 loco
491 1965 533 2004 D
551 1980 608 2003 =

1257 1933 1393 1979 tiones,
1419 1940 1511 1972 sunt
1535 1933 1578 1971 in
1599 1933 1735 1971 eadem
1763 1936 1919 1979 ratione,
1951 1948 2113 1973 summae
2139 1950 2231 1988 ergo
2249 1951 2309 1975 re-

1259 1986 1521 2026 tardationum
1547 1996 1661 2025 erunt
1678 1986 1721 2024 in
1739 1987 1876 2026 eadem
1903 1989 2052 2026 ratione
2080 1988 2183 2036 data,
2217 2004 2310 2042 ergo

1258 2050 1339 2079 tota
1367 2040 1488 2089 spatia
1511 2040 1728 2079 deficientia
1760 2040 1837 2078 illis
1868 2042 2191 2080 retardationibus
2221 2057 2311 2093 pro·

1258 2094 1489 2144 portionalia
1517 2101 1632 2132 erunt
1657 2093 1699 2131 in
1727 2093 1864 2132 eadem
1892 2095 2051 2140 ratione,
2082 2099 2310 2150 dgfferentiae

1260 2161 1344 2198 ergo
1373 2150 1475 2187 inter
1494 2161 1631 2187 arcum
1650 2150 1830 2188 descensu
1849 2150 2081 2199 descriptum
2108 2158 2146 2188 et
2172 2165 2311 2190 arcum

1260 2215 1422 2241 ascensu
1440 2203 1686 2252 subsequente
1704 2203 1937 2251 descriptum
1956 2202 1997 2239 in
2017 2202 2129 2241 variis
2147 2206 2312 2243 arcubus

1259 2257 1308 2293 ab
1327 2255 1464 2293 eodem
1481 2266 1638 2304 corpore
1656 2253 1866 2305 descriptis,
1887 2264 1978 2295 sunt
1996 2258 2040 2296 in
2053 2255 2143 2297 data
2155 2261 2233 2308 lege
2250 2272 2310 2298 re-

1259 2312 1449 2349 sistentiae.

1318 2367 1406 2402 185.
1432 2366 1453 2388 ²*
1474 2364 1590 2403 Corol.
1614 2366 1648 2400 1.
1683 2362 1928 2401 Differentiae
1945 2376 2120 2411 arcuum,
2136 2373 2312 2414 respectu

1264 2429 1425 2455 arcuum
1445 2416 1631 2454 descensu
1649 2416 1929 2465 descriptorum
1944 2417 2120 2455 eamdem
2140 2432 2311 2469 sequun-

1264 2477 1330 2508 tur
1360 2470 1485 2521 legem
1512 2482 1630 2520 quam
1658 2469 1882 2508 resistentiae
1900 2479 2116 2521 sequuntur
2134 2480 2311 2521 respectu

1264 2523 1524 2562 velocitatum.
1578 2523 1686 2562 Nam
1704 2523 1797 2562 cum
1815 2531 1989 2574 tempora
2007 2525 2149 2575 quibus
2167 2539 2310 2565 corres-

1264 2577 1477 2626 pondentes
1489 2583 1527 2615 et
1540 2577 1843 2626 proportionales
1857 2589 2018 2615 arcuum
2034 2586 2159 2627 partes
2171 2578 2311 2617 descri-

1265 2632 1412 2669 buntur
1429 2629 1505 2668 sint
1524 2629 1699 2680 aequalia,
1728 2630 1949 2669 velocitates
1966 2639 2081 2670 erunt
2099 2645 2248 2681 semper
2268 2640 2313 2671 ut

1264 2683 1342 2721 illae
1373 2696 1535 2723 arcuum
1562 2691 1701 2732 partes,
1736 2683 1816 2722 sive
1841 2691 1888 2723 ut
1914 2696 2025 2723 arcus
2055 2686 2138 2732 toti,
2172 2685 2307 2739 (180.)

1264 2749 1382 2787 quam
1399 2735 1585 2786 proxime,
1607 2749 1699 2788 ergo
1717 2737 1953 2784 resistentiae‚
1983 2739 2256 2777 retardationes
2274 2747 2313 2778 et

1265 2789 1491 2829 differentiae
1507 2802 1668 2829 arcuum
1684 2790 1859 2828 eamdem
1878 2790 2006 2842 legem
2021 2801 2235 2843 sequuntur
2251 2805 2313 2832 re·

1267 2851 1400 2893 spectu
1414 2856 1575 2882 arcuum
1594 2856 1639 2882 ac
1657 2852 1830 2894 respectu
1850 2844 2107 2883 velocitatum.

1323 2898 1412 2937 Cor.
1431 2902 1469 2935 2.
1516 2900 1537 2922 ⁴
1559 2900 1599 2936 Si
1617 2912 1771 2947 corpora
1783 2900 1953 2948 pendula
1981 2901 2166 2952 differant
2183 2913 2312 2951 quan-

1266 2953 1372 2990 titate
1389 2952 1568 2996 materiae,
1590 2951 1812 3002 dzjff'erentiae
1830 2965 1995 2990 arcuum
2012 2960 2104 2991 sunt
2122 2951 2257 2992 directe?
2271 2956 2313 2993 in

1264 3007 1342 3055 lege
1373 3002 1465 3044 data
1490 3017 1656 3043 arcuum
1675 3011 1710 3043 et
1728 3003 1873 3044 inverse
1899 3012 1944 3044 ut
1970 3008 2202 3055 quantitates
2228 3021 2314 3045 ma-

1266 3060 1399 3097 teriae:
1429 3069 1520 3096 nam
1539 3069 1586 3095 eo
1603 3057 1645 3095 in
1663 3070 1755 3096 casu
1781 3057 2055 3097 retardationes
2081 3059 2122 3096 in
2149 3059 2314 3110 singulis

1269 3123 1432 3150 arcuum
1450 3110 1620 3161 partibus
1639 3118 1730 3149 sunt
1743 3109 1885 3149 directe
1902 3119 1947 3149 ut
1965 3112 2188 3150 resistentiae
2202 3121 2239 3150 et
2253 3112 2313 3150 in-

1269 3163 1376 3203 verse
1402 3171 1449 3203 ut
1473 3164 1708 3216 quantitates
1742 3164 1913 3202 materiae
1924 3178 1936 3212 ς
1974 3177 2065 3204 nam
2102 3165 2314 3204 resistentia

1269 3226 1399 3257 motus
1411 3218 1604 3270 jacturam
1621 3216 1812 3267 producit,
1839 3230 1929 3268 quae
1946 3225 2077 3256 motus
2088 3219 2240 3270 jactura
2258 3227 2316 3259 est

1269 3271 1416 3310 factum
1443 3283 1491 3309 ex
1517 3270 1771 3310 retardatione
1798 3277 1837 3310 et
1862 3269 1989 3310 massa
2014 3271 2205 3312 retardata
2229 3274 2315 3326 (per

1267 3325 1361 3364 Def.
1383 3329 1422 3364 2.
1442 3325 1530 3364 Lib.
1556 3324 1628 3375 1.).

1325 3390 1383 3444 (³³)
1405 3394 1425 3416 ⁹
1448 3391 1614 3443 Ide6que
1631 3400 1687 3432 est
1703 3399 1747 3432 ut
1765 3394 1964 3443 longitudo
1987 3408 2013 3432 a
2032 3395 2072 3433 B
2088 3401 2124 3434 ee
2142 3395 2316 3432 resisten-

1271 3447 1324 3484 tia
1353 3445 1601 3495 conjunctim.
1662 3446 1768 3484 Area
1792 3445 1860 3485 illa
1878 3447 1909 3484 si
1927 3454 2083 3485 maneat
2108 3438 2315 3496 longinfflo

1269 3512 1294 3537 a
1309 3499 1357 3542 B,
1379 3506 1544 3550 augetur
1560 3498 1621 3536 vel
1640 3498 1871 3538 dIminuitur
1883 3499 1925 3538 in
1936 3501 2083 3539 ratione
2094 3499 2315 3537 resistentiae

1272 3552 1315 3590 D
1337 3551 1406 3598 K;
1437 3552 1469 3589 si
1495 3550 1585 3589 vero
1613 3560 1791 3591 constans
1821 3560 1976 3592 maneat
2006 3551 2218 3590 resistentia
2244 3565 2311 3591 sev

1270 3603 1445 3643 ordinata
1465 3605 1506 3643 D
1528 3605 1581 3649 K,
1603 3605 1670 3643 sed
1688 3614 1877 3657 augeatur
1894 3620 1917 3645 a
1940 3607 1975 3647 B
1995 3617 2205 3656 omnesque
2231 3605 2316 3657 ejus

1272 3664 1398 3708 partes
1427 3657 1454 3696 d
1482 3658 1525 3696 D
1556 3658 1598 3696 in
1629 3659 1777 3698 ratione
1807 3660 1926 3699 totius
1956 3672 1980 3698 a
2010 3659 2046 3697 B
2084 3666 2312 3709 augeantur,

1278 3723 1367 3749 area
1394 3710 1462 3750 illa
1488 3719 1653 3762 augetur
1669 3712 1730 3750 vel
1748 3712 1979 3751 diminuitur
1996 3711 2038 3750 in
2055 3713 2203 3751 ratione
2229 3711 2315 3750 lon-

1276 3764 1463 3815 gitudinis
1480 3778 1504 3804 a
1523 3766 1586 3813 133
1615 3765 1722 3805 unde
1747 3766 1779 3804 si
1806 3765 2011 3817 longitudo
2028 3778 2052 3802 a
2073 3765 2108 3803 B
2129 3765 2316 3804 variabilis

1275 3817 1326 3856 sit
1350 3825 1390 3856 et
1413 3818 1626 3859 resistentia
1656 3832 1725 3858 seu
1753 3818 1928 3857 ordinata
1961 3819 2002 3857 D
2024 3816 2066 3860 K
2083 3818 2126 3858 in
2153 3818 2316 3870 singulis

1275 3871 1566 3922 longitudinum
1598 3886 1621 3911 a
1643 3874 1679 3912 B
1708 3872 1803 3911 locis
1833 3870 2219 3922 correspondentibus
2246 3885 2316 3910 au-
