2502 4192
136 245 321 298 Llssnn
350 244 622 305 Saeuam]
677 239 1079 292 PRINCIPIA
1120 234 1735 290 MATHEMATICA.

2172 243 2272 288 183

130 384 507 456 propemodum
532 393 766 453 aequatur
792 383 952 451 ipsius
979 381 1282 434 resistentiae
1308 381 1401 432 toti
1416 401 1431 443 3
1472 381 1694 450 ideoque
1728 387 1901 448 partes
1935 378 2036 429 illae
2063 389 2184 430 sunt
2220 388 2278 429 ut

133 482 252 537 318,
285 480 383 524 136
411 482 462 523 et
487 477 681 532 45,453
711 469 1120 539 quamproxime,
1149 469 1203 520 id
1229 480 1321 531 est,
1363 480 1420 519 ut
1449 474 1477 523 7
1507 478 1558 519 et
1588 475 1635 519 1.

128 583 245 616 rum
271 563 507 614 diametri
538 567 634 629 18}
661 571 713 613 et
738 566 831 628 633
871 570 922 612 et
959 560 1144 611 harum
1183 559 1434 629 quadrata
1461 559 1631 623 351593
1658 568 1708 609 et
1733 558 1870 623 47ὲέ

130 663 180 705 et
210 660 255 715 1,
297 652 350 702 id
388 660 479 712 est,
527 661 584 701 ut
620 650 897 720 globorum
934 649 1238 700 resistentiae
1277 655 1306 703 7
1347 659 1398 699 et
1428 656 1449 698 1
1481 644 1890 715 quamproxime.

107 744 385 810 ,rationum
409 742 551 794 haud
577 742 741 810 major
765 750 858 802 est,
888 758 1041 809 quam
1068 758 1183 808 quae
1210 757 1276 790 ex
1302 739 1376 789 fili
1402 737 1688 789 resistentia
1716 738 1841 787 oriri
1865 736 2050 804 potuit.

127 834 530 886 resistentiarum
562 842 737 902 partes
772 831 876 881 illae
916 849 1032 900 quae
1068 840 1203 892 sunt,

1713 468 1846 519 Sunt
1882 475 2054 517 autem
2092 466 2276 534 globo-

1896 566 2016 608 sunt
2034 566 2091 607 ut
2118 562 2273 618 7,438

1966 644 2276 697 Differentia

2106 735 2276 805 Igitur

1248 829 1460 898 paribus
1486 828 1671 899 globis,
1716 837 1775 878 ut
1799 826 2050 896 quadrata
2082 826 2275 878 veloci-

125 935 304 988 tatum,
350 934 471 977 sunt
496 924 666 986 etiam,
706 922 919 991 paribus
944 920 1317 983 velocitatibUS,
1362 929 1421 970 ut
1458 917 1711 988 quadrata
1747 916 2120 969 diametrorum
2157 916 2272 987 glo·

127 1017 331 1067 borum.

198 1105 458 1157 Caeterum
477 1103 769 1175 globorum,
799 1101 986 1172 quibus
1006 1119 1130 1152 usus
1157 1118 1272 1151 sum
1296 1099 1351 1150 in
1376 1098 1455 1150 his
1482 1099 1863 1166 experimentis,
1892 1099 2148 1150 maximus
2164 1116 2272 1148 non
2326 1112 2328 1115 ·

123 1205 232 1247 erat
254 1193 479 1264 perfecte
506 1193 804 1261 sphaericus,
846 1201 898 1244 et
929 1200 1207 1260 propterea
1232 1189 1287 1239 in
1312 1188 1510 1239 calculo
1535 1188 1622 1239 hic
1646 1189 1801 1239 allato
1838 1187 2081 1239 minutias
2123 1205 2271 1255 quas-

123 1286 244 1337 dam
285 1283 546 1335 brevitatis
591 1281 756 1353 gratia
800 1281 1036 1351 neglexi3
1078 1280 1144 1331 de
1183 1278 1379 1331 calculo
1417 1288 1657 1329 accurato
1693 1278 1744 1328 in
1782 1278 2138 1345 experimento
2163 1295 2272 1327 non

124 1378 245 1429 satis
282 1387 523 1429 accurato
559 1375 771 1428 minime
811 1376 1075 1428 sollicitus.

172 1519 227 1579 (3)
245 1523 330 1557 187.
349 1522 370 1543 “
388 1518 486 1558 (Ιιὶηι,
499 1521 767 1557 demonstratio
777 1520 900 1565 vacui,
917 1520 987 1557 &c.
1023 1518 1167 1557 Utrum

124 1571 337 1609 resistentia
360 1583 477 1621 quam
495 1572 537 1608 in
555 1572 669 1609 motis
695 1572 916 1620 corporibus
935 1572 1166 1620 experimur,

128 1632 207 1663 tota
238 1625 286 1662 sit
316 1625 358 1662 in
389 1637 524 1662 eorum
550 1624 707 1662 externa
738 1625 953 1673 superficie,
992 1638 1042 1662 an
1080 1623 1169 1661 vero

123 1685 250 1728 partes
267 1678 382 1716 etiam
400 1678 561 1716 internae
579 1678 619 1715 in
639 1677 911 1726 superficiebus
930 1677 1091 1726 propriis
1109 1690 1166 1714 re·

121 1730 331 1768 sistentiam
358 1732 566 1768 notabilem
586 1730 764 1776 sentiant,
794 1731 1067 1778 experimentis
1085 1730 1171 1780 glo-

122 1786 261 1822 borum
280 1784 321 1821 in
340 1784 468 1821 medio
494 1785 690 1822 resistente
718 1784 976 1821 oscillantium
1003 1784 1166 1820 inveniri

119 1844 259 1886 potest.
302 1838 406 1876 Nam
422 1838 464 1881 si,
479 1837 645 1885 exempli
660 1836 788 1882 causa,
801 1837 1005 1887 globorum
1021 1838 1061 1873 in
1076 1836 1165 1874 dato

120 1889 249 1929 medio
268 1891 423 1939 paribus
442 1891 704 1927 velocitatibus
722 1898 916 1927 motorum
943 1890 1165 1927 resistentiae

120 1955 270 1991 semper
289 1951 414 1981 essent
432 1944 471 1980 in
491 1941 687 1991 duplicata
706 1943 981 1981 diametrorum
1000 1944 1161 1988 ratione,

122 1996 352 2033 insensibilis
370 1997 468 2033 foret
485 1997 526 2033 in
546 1996 716 2044 partibus
742 1996 903 2034 internis
929 1997 1162 2044 resistentia3

122 2061 212 2086 cum
231 2049 336 2086 enim
354 2050 566 2087 resistentia
583 2050 649 2087 illa
668 2049 818 2086 interna
829 2063 852 2086 a
866 2062 1040 2094 numero,
1054 2062 1163 2099 mag-

121 2102 310 2148 nitudine,
331 2102 455 2153 figura
484 2111 522 2140 et
549 2102 701 2147 textura
728 2103 967 2140 internarum
996 2103 1163 2151 partium

123 2155 315 2203 penderet,
352 2169 431 2192 non
459 2163 586 2204 posset
612 2156 746 2194 eadem
775 2164 990 2194 constanter
1008 2168 1164 2192 manere

126 2208 168 2244 in
187 2208 311 2258 globis
329 2209 539 2259 aequalibus
558 2216 596 2246 et
613 2209 888 2259 heterogeneis,
908 2209 1047 2259 ligneis
1065 2222 1097 2245 v.
1119 2222 1158 2259 g.

127 2268 167 2299 et
185 2262 386 2309 plumbeis,
415 2275 486 2299 nec
504 2262 544 2299 in
563 2262 687 2312 globis
708 2262 961 2312 inaequalibus
989 2271 1162 2299 externa-

122 2326 212 2351 rum
232 2314 530 2365 superficierum,
562 2315 628 2352 sed
655 2314 782 2363 potius
809 2315 1021 2352 solidorum
1049 2315 1162 2352 ratio-

121 2378 213 2404 nem
254 2375 487 2418 sequeretur.
561 2367 684 2405 Porro
721 2369 979 2416 superioribus
1015 2368 1163 2416 experi-

121 2420 262 2458 mentis
282 2422 364 2470 jam
393 2423 593 2469 probatum
618 2428 675 2458 est
692 2421 733 2458 in
752 2421 1003 2458 velocioribus
1030 2422 1163 2471 globo-

120 2485 211 2510 rum
229 2474 409 2519 motibus,
429 2474 659 2512 resistentias
676 2474 869 2524 quadratis
887 2474 1163 2512 diametrorum

121 2526 421 2574 proportionales
432 2540 512 2564 esse
522 2540 638 2577 quam
651 2528 835 2575 proxime,
849 2527 1159 2565 concludendum

120 2578 240 2629 igitur
258 2587 314 2617 est
333 2579 480 2617 nullam
500 2593 580 2617 esse
600 2580 806 2618 notabilem
826 2581 867 2617 in
885 2581 1056 2629 partibus
1074 2593 1157 2618 cor-

121 2644 260 2680 porum
272 2633 430 2670 internis
440 2633 703 2680 resistentiam,
720 2633 825 2682 quod
839 2641 968 2671 tamen
981 2634 1161 2682 deinceps

120 2684 297 2733 pluribus
323 2685 406 2723 aliis
431 2686 670 2737 argumentis
696 2686 971 2724 demonstrabit
1001 2688 1158 2724 Newto-

121 2750 208 2776 nus,
258 2739 407 2776 Verum
425 2740 455 2776 si
473 2739 647 2777 medium
665 2739 859 2789 quoddam
878 2741 1086 2777 aethereum
1102 2740 1162 2777 vel

120 2790 238 2842 longe
266 2791 557 2829 subtilissimum
584 2804 718 2829 omnes
748 2792 926 2829 omnium
956 2805 1160 2841 corporum

123 2856 237 2892 poros
268 2853 307 2882 et
335 2852 484 2882 meatus
513 2845 686 2893 repleret,
724 2853 877 2893 propter
906 2845 1024 2882 medii
1056 2845 1162 2882 illius

122 2896 277 2934 aetherei
295 2909 486 2934 summam
501 2897 726 2935 densitatem
738 2905 852 2947 atque
863 2898 1039 2935 inertiam
1054 2897 1160 2935 omni

122 2949 292 2987 materiae
309 2951 512 2998 propriam,
534 2958 658 2998 partes
678 2951 837 2988 internae
864 2963 1067 2998 corporum
1094 2964 1162 3000 per

124 3015 308 3053 magnam
334 3003 587 3040 resistentiam
611 3004 804 3041 sentirent.
867 3004 924 3041 At
941 3003 1008 3054 qui
1030 3004 1161 3042 Carte-

125 3056 278 3094 sianum
295 3056 432 3093 mundi
451 3056 554 3104 pleni
574 3067 738 3105 systema
765 3056 1019 3094 emendarunt
1037 3057 1161 3094 novis·

95 3121 104 3126 ·
124 3122 200 3159 que
218 3109 382 3146 inventis
399 3119 585 3147 ornarunt
598 3110 842 3146 eruditissimi
854 3110 1163 3161 sagacissimique

124 3163 397 3208 mathematici,
436 3162 476 3207 ii,
518 3163 726 3210 repudiatis
770 3164 961 3201 veteribus
995 3163 1161 3213 effugiis,

128 3215 269 3265 quibus
290 3215 597 3253 Cartesianorum
626 3215 768 3266 vulgus
786 3216 918 3260 utitur,
949 3229 994 3254 ex
1015 3216 1163 3253 subtili-

127 3275 204 3305 tate
235 3280 278 3304 ac
310 3268 521 3306 mobilitate
557 3269 707 3306 aetheris
738 3277 776 3306 et
808 3282 988 3317 pororum
1024 3269 1165 3319 quibus

128 3332 287 3368 corpora
304 3321 435 3357 omnia
453 3330 606 3369 pertusa
631 3329 723 3359 sunt
748 3322 995 3370 dispositione
1022 3322 1161 3371 petitis,

128 3374 202 3410 hoc
220 3385 345 3410 unum
364 3385 587 3422 responsum
607 3374 818 3421 proferunt,
852 3377 1053 3413 aetheream
1081 3388 1163 3414 ma.

128 3425 262 3463 teriam
289 3438 490 3474 corporum
518 3427 693 3475 gravium
724 3428 893 3465 motibus
917 3429 1078 3465 minime
1105 3441 1164 3466 re-

129 3478 270 3525 sistere,
290 3479 395 3528 quod
414 3479 461 3516 sit
479 3478 585 3515 omni
612 3479 795 3529 gravitate
822 3481 1013 3519 destituta.
1076 3482 1164 3520 Du-

130 3531 240 3579 plicis
272 3533 398 3581 itaque
430 3532 581 3582 generis
611 3533 806 3569 materiam
827 3536 866 3569 in
886 3534 1064 3570 universo
1090 3534 1166 3572 dis-

130 3584 330 3634 tinguunt,
363 3596 518 3639 gravem
546 3584 703 3622 alteram
723 3586 833 3636 cujus
851 3595 975 3634 partes
993 3586 1034 3623 in
1051 3589 1168 3625 vorti-

131 3636 240 3674 culos
274 3636 405 3674 divisae
443 3649 522 3674 non
554 3645 655 3681 sunt,
693 3637 852 3676 alteram
884 3651 963 3675 non
999 3652 1168 3689 gravem,

131 3688 257 3726 omnis
274 3696 403 3727 tamen
423 3689 619 3740 gravitatis
638 3702 802 3734 causam,
832 3692 944 3740 quus
970 3700 1096 3740 partes
1122 3706 1168 3730 ex

132 3742 365 3779 tenuissimis
383 3743 573 3779 variorum
593 3742 774 3780 ordinum
795 3744 988 3781 vorticulis
1012 3746 1172 3783 clasticis

131 3801 317 3833 constant.
380 3794 485 3835 Cum
522 3803 650 3833 autem
688 3797 744 3834 vis
778 3796 917 3835 motrix
954 3797 1004 3836 ad
1039 3797 1173 3837 datum

1144 3871 1237 3910 M4

1151 1374 1394 1442 Optarim
1429 1373 1617 1442 itaque,
1664 1375 1726 1441 (g)
1756 1371 1874 1423 cum
1901 1372 2277 1424 demonstratio

1222 1530 1362 1567 corpus
1381 1530 1495 1569 grave
1515 1516 1603 1556 data
1621 1517 1812 1556 celeritate
1830 1517 2066 1555 movendum
2085 1516 2272 1554 adhiben-

1222 1571 1284 1616 da,
1299 1571 1539 1608 decrescente
1554 1571 1721 1620 corporis
1736 1572 1801 1621 huj
1809 1585 1854 1609 us
1867 1572 2061 1621 gravitate,
2077 1570 2117 1607 in
2133 1568 2270 1607 eadem

1224 1624 1372 1661 ratione
1391 1624 1595 1669 decrescat,
1631 1624 1815 1673 nullaque
1840 1625 1888 1661 sit
1920 1624 2071 1660 aetheris
2088 1623 2273 1674 gravitas,

1224 1690 1461 1727 consequens
1488 1677 1697 1719 esseaiunt
1715 1686 1760 1713 ut
1779 1689 1917 1725 corpus
1947 1689 2063 1726 giave
2095 1676 2200 1725 quod
2227 1676 2269 1712 in

1225 1731 1366 1767 aethere
1385 1728 1477 1767 data
1495 1730 1688 1767 celeritate
1715 1731 1847 1773 fertur,
1883 1729 2036 1765 nonnisi
2064 1729 2268 1765 infinitesi-

1220 1796 1324 1820 1113111
1354 1783 1483 1820 motus
1515 1783 1576 1821 sui
1608 1791 1754 1831 partem
1787 1795 1834 1820 ex
1866 1782 2079 1819 resistentia
2117 1783 2267 1819 aetheris

1221 1835 1332 1874 finito
1349 1837 1483 1886 quovis
1502 1844 1673 1885 tempore
1692 1835 1883 1884 deperdat.
1947 1834 2097 1873 Verum
2114 1843 2268 1883 praeter-

1218 1902 1334 1939 quam
1367 1889 1472 1939 quod
1503 1897 1630 1927 totum
1659 1891 1732 1926 hoc
1753 1896 1928 1939 systema,
1964 1899 2008 1925 ut
2041 1889 2196 1938 elegans
2223 1901 2267 1926 ac

1218 1950 1438 1988 venustum,
1468 1943 1567 1980 fictis
1585 1943 1664 1979 fere
1684 1942 1732 1979 ad
1751 1942 1948 1979 arbitrium
1977 1942 2264 1990 hypothesibus,

1218 2008 1313 2045 quas
1345 1997 1559 2034 Newtonus
1590 2008 1612 2032 e
1640 1994 1795 2043 physica
1824 1994 2119 2042 experimentali
2151 1994 2267 2032 vellet

1218 2049 1419 2094 eliminari,
1440 2048 1585 2093 nititur,
1607 2048 1857 2097 plurimisque
1872 2055 1909 2084 et
1928 2047 2160 2097 gravissimis
2178 2047 2262 2085 aliis

1219 2114 1266 2139 ex
1294 2103 1517 2141 mechanica
1552 2110 1667 2151 atque
1703 2099 1937 2138 astronomia
1973 2100 2265 2138 difficultatibus

1218 2157 1416 2203 premitur,
1448 2155 1662 2192 adductum
1680 2153 1798 2192 mod&
1826 2166 2050 2202 responsum
2071 2155 2130 2190 his
2149 2154 2263 2191 etiam

1219 2209 1366 2246 laborat
1383 2208 1648 2245 incommodis.
1712 2208 1890 2244 Primum
1918 2208 2074 2256 quidem
2108 2206 2263 2244 evidens

1218 2271 1286 2308 est,
1317 2263 1394 2299 vim
1422 2262 1527 2298 illam
1549 2274 1636 2310 quae
1656 2260 1705 2298 ad
1733 2273 1871 2309 corpus
1890 2271 2004 2310 grave
2024 2259 2157 2296 contra
2174 2273 2262 2311 gra-

1217 2314 1342 2353 vitatis
1371 2315 1618 2352 directionem
1649 2314 1919 2351 sustinendum
1951 2312 2159 2350 necessaria
2192 2322 2259 2358 est,

1218 2381 1308 2405 cum
1338 2369 1507 2416 corporis
1539 2367 1708 2415 pondere
1738 2367 1954 2404 decrescere
1991 2367 2154 2412 debere;
2194 2367 2258 2403 sed

1218 2433 1296 2459 non
1316 2421 1370 2459 ita
1389 2421 1637 2459 manifestum
1658 2428 1714 2458 est
1732 2420 1809 2456 vim
1838 2421 2036 2456 mon-icem
2057 2420 2104 2456 ad
2125 2420 2261 2456 datum

1217 2487 1355 2524 corpus
1374 2487 1488 2525 grave
1507 2474 1594 2511 data
1613 2473 1803 2511 celeritate
1821 2473 2056 2510 movendum
2076 2473 2257 2510 adhiben-

1216 2528 1319 2573 dam,
1341 2528 1381 2564 in
1400 2528 1546 2564 rati0ne
1567 2527 1744 2574 ponderis
1762 2526 1977 2563 decrescere
1992 2534 2177 2574 oportere,
2192 2527 2259 2563 ubi

1213 2582 1270 2618 vis
1300 2581 1406 2618 illius
1436 2580 1609 2617 motricis
1640 2579 1797 2617 directio
1829 2578 2023 2628 gravitatis
2059 2578 2257 2616 directioni

1216 2635 1388 2682 opposita
1408 2646 1486 2670 non
1506 2641 1571 2675 est,
1594 2633 1661 2670 sed
1679 2633 1736 2669 illi
1752 2631 2076 2680 perpendicularis
2087 2640 2154 2669 aut
2168 2645 2259 2669 cum

1213 2687 1281 2724 illa
1299 2687 1531 2735 conspirans.
1576 2684 1937 2726 Praetereamateria
1955 2686 2081 2721 omnis
2096 2686 2259 2722 aetherea

1219 2741 1321 2778 circa
1337 2741 1479 2784 Solem,
1500 2739 1638 2782 stellas,
1660 2746 1773 2788 atque
1791 2739 1962 2786 planetas
1981 2738 2155 2788 singulos
2174 2751 2256 2786 per-

1215 2793 1409 2830 nicissimo
1423 2800 1533 2830 motu
1551 2792 1591 2828 in
1611 2794 1741 2829 o1bem
1761 2799 1846 2828 acta
1859 2789 1896 2826 vi
1910 2789 2129 2842 centrit'uga
2140 2791 2259 2839 pollet

1214 2846 1291 2896 qua
1309 2859 1331 2883 a
1349 2846 1488 2884 centris
1506 2857 1737 2895 magnorum
1752 2844 1953 2889 vorticum,
1974 2853 2089 2894 atque
2108 2845 2220 2881 etiam
2236 2858 2261 2882 a

1215 2899 1354 2937 centris
1384 2898 1629 2949 singulorum
1661 2897 1937 2935 vorticulorum
1965 2897 2127 2945 propriis
2154 2910 2257 2934 rece-

1216 2952 1306 2990 dere
1325 2952 1472 2997 nititur,
1501 2950 1606 2988 unde
1624 2959 1851 2988 caeterorum
1870 2963 2074 2999 corporum
2094 2950 2259 3000 gravitas

1216 3013 1344 3042 ortum
1364 3006 1477 3042 habet
1489 3020 1501 3051 3
1535 3013 1575 3041 at
1592 3005 1649 3041 vis
1668 3004 1734 3042 illa
1752 3003 1969 3053 centrifuga
1987 3016 2073 3053 quae
2101 3016 2192 3040 cum
2222 3004 2258 3040 vi

1217 3056 1428 3106 centripeta
1457 3071 1525 3095 seu
1561 3057 1746 3107 gravitate
1781 3055 1946 3093 conferri
1984 3064 2119 3105 potest,
2155 3056 2260 3093 idem

1217 3119 1394 3160 praestare
1412 3111 1453 3148 in
1473 3111 1612 3148 aethere
1631 3110 1744 3147 debet
1769 3109 1916 3146 ratione
1948 3110 2076 3147 1110ῐῦ5
2102 3112 2143 3146 111
2171 3109 2260 3147 data

1218 3165 1388 3203 materiae
1419 3165 1630 3213 quantitate
1649 3161 1739 3201 data
1755 3164 1792 3199 vi
1811 3162 1970 3201 motrice
1996 3162 2256 3212 imprimendi,
2279 3203 2283 3207 ,

1218 3218 1324 3267 quod
1360 3218 1401 3254 in
1438 3216 1582 3254 caeteris
1622 3216 1844 3265 corporibus
1884 3216 2050 3266 gravitas
2089 3224 2255 3265 praestat.

1221 3271 1344 3309 Nulla
1362 3270 1481 3320 igitur
1499 3283 1579 3307 esse
1596 3270 1694 3307 ratio
1713 3270 1863 3306 videtur
1882 3282 1951 3307 cur
1978 3282 2118 3319 corpus
2143 3275 2259 3320 grave

1219 3322 1310 3361 data
1328 3323 1519 3361 celeritate
1537 3331 1688 3360 motum
1703 3322 1858 3361 nonnisi
1871 3322 2158 3361 infinitesimam
2178 3335 2260 3359 suae

1219 3376 1420 3415 celeritatis
1450 3375 1680 3424 particulam
1707 3389 1754 3413 ex
1782 3377 1932 3415 aetheris
1950 3389 2030 3414 non
2057 3377 2182 3427 gravis
2200 3388 2262 3412 re-

1219 3429 1391 3467 sistentia
1422 3429 1582 3474 amittat‚
1622 3429 1812 3479 siquidem
1843 3430 1942 3468 illud
1971 3430 2008 3466 vi
2044 3428 2261 3478 centrifuga

1220 3483 1363 3532 pollet;
1397 3489 1447 3528 et,
1482 3481 1513 3518 si
1540 3483 1700 3519 materia
1717 3485 1880 3521 aetherea
1898 3482 1969 3520 sua
1988 3483 2023 3519 vi
2042 3481 2260 3531 centrifuga

1221 3536 1282 3572 vel
1300 3534 1402 3572 certe
1419 3534 1456 3571 vi
1481 3534 1571 3572 inde
1590 3533 1673 3573 orta
1692 3548 1896 3585 corporum
1923 3536 2144 3587 gravitatem
2173 3547 2261 3582 pro-

1223 3588 1350 3633 ducat,
1389 3600 1599 3638 eorumque
1634 3596 1785 3627 motum
1822 3567 1977 3627 finitubm
2009 3588 2191 3626 acceleret
2223 3596 2261 3632 et

1223 3642 1426 3701 extinguat
1456 3640 1567 3700 finito
1599 3649 1784 3691 tempore,
1817 3641 1943 3680 mult&
1970 3642 2095 3691 magis
2127 3629 2261 3677 eadem

1224 3702 1383 3731 materia
1410 3706 1549 3742 corpus
1579 3708 1693 3745 grave
1720 3708 1884 3739 movere,
1917 3702 1984 3733 aut
2002 3704 2152 3731 motum
2180 3694 2263 3743 ejus

1227 3748 1337 3784 finito
1351 3754 1521 3795 tempore
1530 3749 1755 3810 extinguere
1769 3749 1893 3794 debet,
1903 3761 1933 3785 51
1923 3745 2052 3784 finita
2066 3761 2085 3783 v
2089 3746 2263 3785 elocitate

1228 3800 1271 3837 in
1285 3799 1412 3839 illud
1401 3808 1570 3840 incurrat
1583 3814 1627 3840 ac
1638 3801 1822 3841 00111111υό
1833 3807 1979 3853 urgeat,
2002 3813 2091 3839 cum
2107 3800 2160 3837 vis
2174 3812 2265 3838 0011-
