<?xml version="1.0" encoding="UTF-8"?>
<!DOCTYPE html PUBLIC "-//W3C//DTD XHTML 1.0 Transitional//EN"
    "http://www.w3.org/TR/xhtml1/DTD/xhtml1-transitional.dtd">
<html xmlns="http://www.w3.org/1999/xhtml" xml:lang="en" lang="en">
 <head>
  <title>
</title>
<meta http-equiv="Content-Type" content="text/html;charset=utf-8" />
  <meta name='ocr-system' content='tesseract 3.04.00' />
  <meta name='ocr-capabilities' content='ocr_page ocr_carea ocr_par ocr_line ocrx_word'/>
</head>
<body>
  <div class='ocr_page' id='page_1' title='image "./philonatrualprin02newtrich_0043.png"; bbox 0 0 2502 4192; ppageno 0'>
   <div class='ocr_carea' id='block_1_1' title="bbox 713 262 2093 342">
    <p class='ocr_par' dir='ltr' id='par_1_1' title="bbox 713 262 2093 342">
     <span class='ocr_line' id='line_1_1' title="bbox 713 262 2093 342; baseline -0.002 -8"><span class='ocrx_word' id='word_1_1' title='bbox 713 278 1113 342; x_wconf 73' lang='lat' dir='ltr'><strong>PRINCIPIA</strong></span> <span class='ocrx_word' id='word_1_2' title='bbox 1158 281 1769 334; x_wconf 80' lang='lat' dir='ltr'>MATHEMATICA.</span> <span class='ocrx_word' id='word_1_3' title='bbox 2057 262 2093 303; x_wconf 74' lang='lat'>‘⁸</span> 
     </span>
    </p>
   </div>
   <div class='ocr_carea' id='block_1_2' title="bbox 119 280 2228 346">
    <p class='ocr_par' dir='ltr' id='par_1_2' title="bbox 119 280 2228 346">
     <span class='ocr_line' id='line_1_2' title="bbox 119 280 2228 346; baseline 0 -12"><span class='ocrx_word' id='word_1_4' title='bbox 119 280 301 334; x_wconf 72' lang='lat' dir='ltr'>Lmen</span> <span class='ocrx_word' id='word_1_5' title='bbox 329 282 601 346; x_wconf 56' lang='lat' dir='ltr'>Securum]</span> <span class='ocrx_word' id='word_1_6' title='bbox 2170 291 2228 336; x_wconf 83' lang='lat'>31</span> 
     </span>
    </p>
   </div>
   <div class='ocr_carea' id='block_1_3' title="bbox 105 417 2238 756">
    <p class='ocr_par' dir='ltr' id='par_1_3' title="bbox 105 417 2238 756">
     <span class='ocr_line' id='line_1_3' title="bbox 111 417 2238 490; baseline 0.003 -23"><span class='ocrx_word' id='word_1_7' title='bbox 111 435 262 486; x_wconf 86' lang='lat' dir='ltr'>quam</span> <span class='ocrx_word' id='word_1_8' title='bbox 288 417 517 470; x_wconf 88' lang='lat' dir='ltr'>invenire</span> <span class='ocrx_word' id='word_1_9' title='bbox 541 419 782 487; x_wconf 87' lang='lat' dir='ltr'>oportuit.</span> <span class='ocrx_word' id='word_1_10' title='bbox 859 419 1037 489; x_wconf 17' lang='lat' dir='ltr'><strong>(b)1Ex</strong></span> <span class='ocrx_word' id='word_1_11' title='bbox 1061 419 1158 471; x_wconf 86' lang='lat' dir='ltr'>hac</span> <span class='ocrx_word' id='word_1_12' title='bbox 1183 421 1380 472; x_wconf 90' lang='lat' dir='ltr'>ratione</span> <span class='ocrx_word' id='word_1_13' title='bbox 1407 420 1696 490; x_wconf 88' lang='lat' dir='ltr'>colligenda</span> <span class='ocrx_word' id='word_1_14' title='bbox 1721 430 1798 471; x_wconf 89' lang='lat' dir='ltr'>est</span> <span class='ocrx_word' id='word_1_15' title='bbox 1822 419 2092 489; x_wconf 80' lang='lat' dir='ltr'>longitudo</span> <span class='ocrx_word' id='word_1_16' title='bbox 2118 423 2172 473; x_wconf 93' lang='lat' dir='ltr'>D</span> <span class='ocrx_word' id='word_1_17' title='bbox 2195 423 2238 473; x_wconf 82' lang='lat' dir='ltr'><strong>F</strong></span> 
     </span>
     <span class='ocr_line' id='line_1_4' title="bbox 109 506 2237 579; baseline 0.004 -24"><span class='ocrx_word' id='word_1_18' title='bbox 109 523 201 573; x_wconf 87' lang='lat' dir='ltr'>per</span> <span class='ocrx_word' id='word_1_19' title='bbox 226 506 478 557; x_wconf 84' lang='lat' dir='ltr'>calculum</span> <span class='ocrx_word' id='word_1_20' title='bbox 493 527 507 569; x_wconf 91' lang='lat'>;</span> <span class='ocrx_word' id='word_1_21' title='bbox 545 517 597 559; x_wconf 93' lang='lat' dir='ltr'>et</span> <span class='ocrx_word' id='word_1_22' title='bbox 620 507 891 578; x_wconf 81' lang='lat' dir='ltr'>longitudo</span> <span class='ocrx_word' id='word_1_23' title='bbox 915 527 1032 578; x_wconf 82' lang='lat' dir='ltr'>quae</span> <span class='ocrx_word' id='word_1_24' title='bbox 1058 509 1123 561; x_wconf 90' lang='lat' dir='ltr'>sit</span> <span class='ocrx_word' id='word_1_25' title='bbox 1148 509 1215 561; x_wconf 88' lang='lat' dir='ltr'>ad</span> <span class='ocrx_word' id='word_1_26' title='bbox 1240 519 1553 577; x_wconf 82' lang='lat' dir='ltr'>assumptam</span> <span class='ocrx_word' id='word_1_27' title='bbox 1578 510 1956 579; x_wconf 83' lang='lat' dir='ltr'>longitudinem</span> <span class='ocrx_word' id='word_1_28' title='bbox 1993 510 2047 562; x_wconf 95' lang='lat' dir='ltr'>D</span> <span class='ocrx_word' id='word_1_29' title='bbox 2078 510 2138 572; x_wconf 93' lang='lat' dir='ltr'>P,</span> <span class='ocrx_word' id='word_1_30' title='bbox 2181 524 2237 563; x_wconf 92' lang='lat' dir='ltr'>ut</span> 
     </span>
     <span class='ocr_line' id='line_1_5' title="bbox 105 592 2236 668; baseline 0.003 -26"><span class='ocrx_word' id='word_1_31' title='bbox 105 592 376 663; x_wconf 84' lang='lat' dir='ltr'>longitudo</span> <span class='ocrx_word' id='word_1_32' title='bbox 402 594 457 647; x_wconf 92' lang='lat' dir='ltr'>D</span> <span class='ocrx_word' id='word_1_33' title='bbox 487 595 530 645; x_wconf 89' lang='lat' dir='ltr'><strong>F</strong></span> <span class='ocrx_word' id='word_1_34' title='bbox 561 612 655 662; x_wconf 87' lang='lat' dir='ltr'>per</span> <span class='ocrx_word' id='word_1_35' title='bbox 689 596 1104 664; x_wconf 87' lang='lat' dir='ltr'>experimentum</span> <span class='ocrx_word' id='word_1_36' title='bbox 1148 598 1355 668; x_wconf 88' lang='lat' dir='ltr'>cognita</span> <span class='ocrx_word' id='word_1_37' title='bbox 1396 597 1463 648; x_wconf 92' lang='lat' dir='ltr'>ad</span> <span class='ocrx_word' id='word_1_38' title='bbox 1499 597 1876 668; x_wconf 81' lang='lat' dir='ltr'>longitudinem</span> <span class='ocrx_word' id='word_1_39' title='bbox 1915 597 1970 648; x_wconf 93' lang='lat' dir='ltr'>D</span> <span class='ocrx_word' id='word_1_40' title='bbox 2001 597 2044 648; x_wconf 90' lang='lat' dir='ltr'><strong>F</strong></span> <span class='ocrx_word' id='word_1_41' title='bbox 2079 599 2236 649; x_wconf 91' lang='lat' dir='ltr'>modo</span> 
     </span>
     <span class='ocr_line' id='line_1_6' title="bbox 105 682 2236 756; baseline 0.003 -25"><span class='ocrx_word' id='word_1_42' title='bbox 105 682 379 747; x_wconf 88' lang='lat' dir='ltr'>inventam,</span> <span class='ocrx_word' id='word_1_43' title='bbox 408 685 505 737; x_wconf 89' lang='lat' dir='ltr'>erit</span> <span class='ocrx_word' id='word_1_44' title='bbox 529 704 649 736; x_wconf 86' lang='lat' dir='ltr'>vera</span> <span class='ocrx_word' id='word_1_45' title='bbox 675 685 943 756; x_wconf 84' lang='lat' dir='ltr'>longitudo</span> <span class='ocrx_word' id='word_1_46' title='bbox 971 686 1023 736; x_wconf 92' lang='lat' dir='ltr'>D</span> <span class='ocrx_word' id='word_1_47' title='bbox 1054 688 1115 738; x_wconf 87' lang='lat' dir='ltr'>P.</span> <span class='ocrx_word' id='word_1_48' title='bbox 1192 686 1313 748; x_wconf 65' lang='lat' dir='ltr'>Qua</span> <span class='ocrx_word' id='word_1_49' title='bbox 1349 685 1572 749; x_wconf 67' lang='lat' dir='ltr'>inventa,</span> <span class='ocrx_word' id='word_1_50' title='bbox 1611 686 1832 737; x_wconf 90' lang='lat' dir='ltr'>habetur</span> <span class='ocrx_word' id='word_1_51' title='bbox 1857 696 1968 737; x_wconf 92' lang='lat' dir='ltr'>tum</span> <span class='ocrx_word' id='word_1_52' title='bbox 1993 704 2150 737; x_wconf 91' lang='lat' dir='ltr'>curva</span> <span class='ocrx_word' id='word_1_53' title='bbox 2175 687 2236 737; x_wconf 92' lang='lat' dir='ltr'>li-</span> 
     </span>
    </p>
   </div>
   <div class='ocr_carea' id='block_1_4' title="bbox 104 773 2236 933">
    <p class='ocr_par' dir='ltr' id='par_1_4' title="bbox 104 773 2236 933">
     <span class='ocr_line' id='line_1_7' title="bbox 104 773 2236 846; baseline 0.002 -23"><span class='ocrx_word' id='word_1_54' title='bbox 104 790 203 823; x_wconf 89' lang='lat' dir='ltr'>nea</span> <span class='ocrx_word' id='word_1_55' title='bbox 227 773 283 824; x_wconf 96' lang='lat' dir='ltr'>D</span> <span class='ocrx_word' id='word_1_56' title='bbox 308 791 335 823; x_wconf 92' lang='lat' dir='ltr'>r</span> <span class='ocrx_word' id='word_1_57' title='bbox 360 792 390 824; x_wconf 85' lang='lat' dir='ltr'>a</span> <span class='ocrx_word' id='word_1_58' title='bbox 417 774 461 824; x_wconf 91' lang='lat' dir='ltr'><strong>F</strong></span> <span class='ocrx_word' id='word_1_59' title='bbox 485 792 638 843; x_wconf 88' lang='lat' dir='ltr'>quam</span> <span class='ocrx_word' id='word_1_60' title='bbox 665 793 851 845; x_wconf 87' lang='lat' dir='ltr'>corpus</span> <span class='ocrx_word' id='word_1_61' title='bbox 877 775 1136 842; x_wconf 85' lang='lat' dir='ltr'>describit,</span> <span class='ocrx_word' id='word_1_62' title='bbox 1176 787 1286 829; x_wconf 89' lang='lat' dir='ltr'>tum</span> <span class='ocrx_word' id='word_1_63' title='bbox 1313 777 1544 846; x_wconf 88' lang='lat' dir='ltr'>corporis</span> <span class='ocrx_word' id='word_1_64' title='bbox 1581 777 1822 830; x_wconf 90' lang='lat' dir='ltr'>velocitas</span> <span class='ocrx_word' id='word_1_65' title='bbox 1861 787 1913 830; x_wconf 91' lang='lat' dir='ltr'>et</span> <span class='ocrx_word' id='word_1_66' title='bbox 1948 776 2236 831; x_wconf 84' lang='lat' dir='ltr'>resistentia</span> 
     </span>
     <span class='ocr_line' id='line_1_8' title="bbox 107 859 560 933; baseline 0.007 -22"><span class='ocrx_word' id='word_1_67' title='bbox 107 861 162 911; x_wconf 91' lang='lat' dir='ltr'>in</span> <span class='ocrx_word' id='word_1_68' title='bbox 184 859 309 912; x_wconf 87' lang='lat' dir='ltr'>locis</span> <span class='ocrx_word' id='word_1_69' title='bbox 331 862 560 933; x_wconf 88' lang='lat' dir='ltr'>singulis.</span> 
     </span>
    </p>
   </div>
   <div class='ocr_carea' id='block_1_5' title="bbox 1037 1074 1291 1127">
    <p class='ocr_par' dir='ltr' id='par_1_5' title="bbox 1037 1074 1291 1127">
     <span class='ocr_line' id='line_1_9' title="bbox 1037 1074 1291 1127; baseline 0 0"><span class='ocrx_word' id='word_1_70' title='bbox 1037 1074 1291 1127; x_wconf 52' lang='lat' dir='ltr'>Sclzolz‘umss</span> 
     </span>
    </p>
   </div>
   <div class='ocr_carea' id='block_1_6' title="bbox 98 1238 2234 1769">
    <p class='ocr_par' dir='ltr' id='par_1_6' title="bbox 98 1238 2234 1769">
     <span class='ocr_line' id='line_1_10' title="bbox 178 1238 2232 1317; baseline 0.002 -24"><span class='ocrx_word' id='word_1_71' title='bbox 178 1241 453 1303; x_wconf 82' lang='lat' dir='ltr'>Caeterum,</span> <span class='ocrx_word' id='word_1_72' title='bbox 496 1238 837 1293; x_wconf 82' lang='lat' dir='ltr'>resistentiam</span> <span class='ocrx_word' id='word_1_73' title='bbox 874 1255 1149 1312; x_wconf 85' lang='lat' dir='ltr'>corporum</span> <span class='ocrx_word' id='word_1_74' title='bbox 1182 1263 1292 1297; x_wconf 88' lang='lat' dir='ltr'>esse</span> <span class='ocrx_word' id='word_1_75' title='bbox 1316 1244 1370 1297; x_wconf 86' lang='lat' dir='ltr'>in</span> <span class='ocrx_word' id='word_1_76' title='bbox 1395 1243 1596 1295; x_wconf 89' lang='lat' dir='ltr'>ratione</span> <span class='ocrx_word' id='word_1_77' title='bbox 1623 1243 1918 1307; x_wconf 80' lang='lat' dir='ltr'>velocitatiS,</span> <span class='ocrx_word' id='word_1_78' title='bbox 1968 1246 2040 1314; x_wconf 89' lang='lat'>(†)</span> <span class='ocrx_word' id='word_1_79' title='bbox 2067 1246 2232 1317; x_wconf 91' lang='lat' dir='ltr'>hypo-</span> 
     </span>
     <span class='ocr_line' id='line_1_11' title="bbox 100 1330 2233 1405; baseline 0.002 -24"><span class='ocrx_word' id='word_1_80' title='bbox 100 1330 258 1381; x_wconf 84' lang='lat' dir='ltr'>thesis</span> <span class='ocrx_word' id='word_1_81' title='bbox 301 1339 380 1381; x_wconf 85' lang='lat' dir='ltr'>est</span> <span class='ocrx_word' id='word_1_82' title='bbox 417 1330 580 1399; x_wconf 89' lang='lat' dir='ltr'>magis</span> <span class='ocrx_word' id='word_1_83' title='bbox 622 1330 983 1382; x_wconf 89' lang='lat' dir='ltr'>mathematica</span> <span class='ocrx_word' id='word_1_84' title='bbox 1025 1350 1179 1401; x_wconf 85' lang='lat' dir='ltr'>quam</span> <span class='ocrx_word' id='word_1_85' title='bbox 1219 1332 1481 1383; x_wconf 88' lang='lat' dir='ltr'>naturalis.</span> <span class='ocrx_word' id='word_1_86' title='bbox 1558 1332 1620 1383; x_wconf 90' lang='lat' dir='ltr'>In</span> <span class='ocrx_word' id='word_1_87' title='bbox 1658 1333 1858 1395; x_wconf 90' lang='lat' dir='ltr'>mediis,</span> <span class='ocrx_word' id='word_1_88' title='bbox 1906 1352 2021 1402; x_wconf 86' lang='lat' dir='ltr'>quae</span> <span class='ocrx_word' id='word_1_89' title='bbox 2059 1335 2233 1405; x_wconf 91' lang='lat' dir='ltr'>rigore</span> 
     </span>
     <span class='ocr_line' id='line_1_12' title="bbox 101 1417 2230 1489; baseline 0.004 -20"><span class='ocrx_word' id='word_1_90' title='bbox 101 1419 244 1469; x_wconf 91' lang='lat' dir='ltr'>omni</span> <span class='ocrx_word' id='word_1_91' title='bbox 268 1428 465 1480; x_wconf 86' lang='lat' dir='ltr'>vacant,</span> <span class='ocrx_word' id='word_1_92' title='bbox 506 1417 806 1470; x_wconf 87' lang='lat' dir='ltr'>resistentiae</span> <span class='ocrx_word' id='word_1_93' title='bbox 831 1438 1107 1488; x_wconf 89' lang='lat' dir='ltr'>corporum</span> <span class='ocrx_word' id='word_1_94' title='bbox 1134 1434 1253 1473; x_wconf 87' lang='lat' dir='ltr'>sunt</span> <span class='ocrx_word' id='word_1_95' title='bbox 1277 1423 1332 1472; x_wconf 90' lang='lat' dir='ltr'>in</span> <span class='ocrx_word' id='word_1_96' title='bbox 1358 1421 1616 1489; x_wconf 66' lang='lat' dir='ltr'>duplicata</span> <span class='ocrx_word' id='word_1_97' title='bbox 1652 1422 1850 1473; x_wconf 84' lang='lat' dir='ltr'>ratione</span> <span class='ocrx_word' id='word_1_98' title='bbox 1888 1423 2230 1477; x_wconf 89' lang='lat' dir='ltr'>velocitatum.</span> 
     </span>
     <span class='ocr_line' id='line_1_13' title="bbox 102 1512 2232 1585; baseline 0.001 -20"><span class='ocrx_word' id='word_1_99' title='bbox 102 1514 162 1581; x_wconf 80' lang='lat'>(⁰)</span> <span class='ocrx_word' id='word_1_100' title='bbox 192 1512 400 1565; x_wconf 85' lang='lat' dir='ltr'>Etenim</span> <span class='ocrx_word' id='word_1_101' title='bbox 425 1512 625 1563; x_wconf 89' lang='lat' dir='ltr'>actione</span> <span class='ocrx_word' id='word_1_102' title='bbox 650 1513 880 1581; x_wconf 89' lang='lat' dir='ltr'>corporis</span> <span class='ocrx_word' id='word_1_103' title='bbox 906 1512 1175 1566; x_wconf 86' lang='lat' dir='ltr'>velocioris</span> <span class='ocrx_word' id='word_1_104' title='bbox 1201 1515 1610 1566; x_wconf 89' lang='lat' dir='ltr'>communicatur</span> <span class='ocrx_word' id='word_1_105' title='bbox 1633 1515 1800 1566; x_wconf 91' lang='lat' dir='ltr'>eidem</span> <span class='ocrx_word' id='word_1_106' title='bbox 1837 1516 1993 1567; x_wconf 89' lang='lat' dir='ltr'>medii</span> <span class='ocrx_word' id='word_1_107' title='bbox 2030 1518 2232 1585; x_wconf 88' lang='lat' dir='ltr'>quanti-</span> 
     </span>
     <span class='ocr_line' id='line_1_14' title="bbox 100 1606 2234 1677; baseline 0 -18"><span class='ocrx_word' id='word_1_108' title='bbox 100 1607 208 1670; x_wconf 85' lang='lat' dir='ltr'>tati,</span> <span class='ocrx_word' id='word_1_109' title='bbox 236 1617 469 1676; x_wconf 88' lang='lat' dir='ltr'>tempore</span> <span class='ocrx_word' id='word_1_110' title='bbox 493 1606 710 1669; x_wconf 90' lang='lat' dir='ltr'>minore,</span> <span class='ocrx_word' id='word_1_111' title='bbox 737 1616 907 1659; x_wconf 88' lang='lat' dir='ltr'>motus</span> <span class='ocrx_word' id='word_1_112' title='bbox 933 1609 1097 1677; x_wconf 90' lang='lat' dir='ltr'>major</span> <span class='ocrx_word' id='word_1_113' title='bbox 1122 1609 1175 1660; x_wconf 91' lang='lat' dir='ltr'>in</span> <span class='ocrx_word' id='word_1_114' title='bbox 1201 1608 1400 1660; x_wconf 89' lang='lat' dir='ltr'>ratione</span> <span class='ocrx_word' id='word_1_115' title='bbox 1424 1607 1632 1676; x_wconf 88' lang='lat' dir='ltr'>majoris</span> <span class='ocrx_word' id='word_1_116' title='bbox 1666 1607 1977 1669; x_wconf 83' lang='lat' dir='ltr'>velocitatis3</span> <span class='ocrx_word' id='word_1_117' title='bbox 2014 1608 2234 1677; x_wconf 74' lang='lat' dir='ltr'>ideoque</span> 
     </span>
     <span class='ocr_line' id='line_1_15' title="bbox 98 1697 2231 1769; baseline 0 -20"><span class='ocrx_word' id='word_1_118' title='bbox 98 1708 329 1767; x_wconf 91' lang='lat' dir='ltr'>tempore</span> <span class='ocrx_word' id='word_1_119' title='bbox 353 1697 556 1768; x_wconf 87' lang='lat' dir='ltr'>aequali,</span> <span class='ocrx_word' id='word_1_120' title='bbox 602 1698 670 1749; x_wconf 93' lang='lat' dir='ltr'>ob</span> <span class='ocrx_word' id='word_1_121' title='bbox 694 1699 943 1767; x_wconf 85' lang='lat' dir='ltr'>majorem</span> <span class='ocrx_word' id='word_1_122' title='bbox 967 1699 1124 1750; x_wconf 91' lang='lat' dir='ltr'>medii</span> <span class='ocrx_word' id='word_1_123' title='bbox 1162 1699 1498 1769; x_wconf 86' lang='lat' dir='ltr'>quantitatem</span> <span class='ocrx_word' id='word_1_124' title='bbox 1535 1698 1906 1766; x_wconf 86' lang='lat' dir='ltr'>perturbatam,</span> <span class='ocrx_word' id='word_1_125' title='bbox 1946 1700 2231 1749; x_wconf 91' lang='lat' dir='ltr'>communi-</span> 
     </span>
    </p>
   </div>
   <div class='ocr_carea' id='block_1_7' title="bbox 99 1786 2230 1858">
    <p class='ocr_par' dir='ltr' id='par_1_7' title="bbox 99 1786 2230 1858">
     <span class='ocr_line' id='line_1_16' title="bbox 99 1786 2230 1858; baseline 0 -19"><span class='ocrx_word' id='word_1_126' title='bbox 99 1799 243 1841; x_wconf 87' lang='lat' dir='ltr'>catur</span> <span class='ocrx_word' id='word_1_127' title='bbox 280 1796 449 1839; x_wconf 91' lang='lat' dir='ltr'>motus</span> <span class='ocrx_word' id='word_1_128' title='bbox 491 1788 547 1838; x_wconf 89' lang='lat' dir='ltr'>in</span> <span class='ocrx_word' id='word_1_129' title='bbox 584 1786 843 1856; x_wconf 67' lang='lat' dir='ltr'>duplicata</span> <span class='ocrx_word' id='word_1_130' title='bbox 882 1788 1080 1841; x_wconf 88' lang='lat' dir='ltr'>ratione</span> <span class='ocrx_word' id='word_1_131' title='bbox 1117 1791 1310 1857; x_wconf 85' lang='lat' dir='ltr'>major3</span> <span class='ocrx_word' id='word_1_132' title='bbox 1362 1798 1541 1858; x_wconf 88' lang='lat' dir='ltr'>estque</span> <span class='ocrx_word' id='word_1_133' title='bbox 1580 1788 1868 1840; x_wconf 86' lang='lat' dir='ltr'>resistentia</span> <span class='ocrx_word' id='word_1_134' title='bbox 1905 1792 2018 1856; x_wconf 88' lang='lat' dir='ltr'>(per</span> <span class='ocrx_word' id='word_1_135' title='bbox 2047 1787 2230 1840; x_wconf 73' lang='lat' dir='ltr'>Motus</span> 
     </span>
    </p>
   </div>
   <div class='ocr_carea' id='block_1_8' title="bbox 1200 1947 1210 1957">
    <p class='ocr_par' dir='ltr' id='par_1_8' title="bbox 1200 1947 1210 1957">
     <span class='ocr_line' id='line_1_17' title="bbox 1200 1947 1210 1957; baseline 0 0"><span class='ocrx_word' id='word_1_136' title='bbox 1200 1947 1210 1957; x_wconf 61' lang='grc' dir='ltr'><strong>ο</strong></span> 
     </span>
    </p>
   </div>
   <div class='ocr_carea' id='block_1_9' title="bbox 1245 1948 2230 2005">
    <p class='ocr_par' dir='ltr' id='par_1_9' title="bbox 1245 1948 2230 2005">
     <span class='ocr_line' id='line_1_18' title="bbox 1245 1948 2230 2005; baseline -0.005 -12"><span class='ocrx_word' id='word_1_137' title='bbox 1245 1953 1307 2005; x_wconf 87' lang='lat'>(†)</span> <span class='ocrx_word' id='word_1_138' title='bbox 1340 1956 1401 1992; x_wconf 88' lang='grc'>67.</span> <span class='ocrx_word' id='word_1_139' title='bbox 1438 1953 1501 1989; x_wconf 82' lang='lat' dir='ltr'>Ex</span> <span class='ocrx_word' id='word_1_140' title='bbox 1534 1964 1649 1999; x_wconf 83' lang='lat' dir='ltr'>supra</span> <span class='ocrx_word' id='word_1_141' title='bbox 1684 1948 1949 1989; x_wconf 75' lang='lat' dir='ltr'>demonstratis</span> <span class='ocrx_word' id='word_1_142' title='bbox 1983 1949 2230 1989; x_wconf 85' lang='lat' dir='ltr'>determinari</span> 
     </span>
    </p>
   </div>
   <div class='ocr_carea' id='block_1_10' title="bbox 98 1950 2229 2055">
    <p class='ocr_par' dir='ltr' id='par_1_10' title="bbox 98 1950 2229 2055">
     <span class='ocr_line' id='line_1_19' title="bbox 98 1950 1131 2004; baseline -0.001 -12"><span class='ocrx_word' id='word_1_143' title='bbox 98 1951 279 1992; x_wconf 85' lang='lat' dir='ltr'>sistentiae</span> <span class='ocrx_word' id='word_1_144' title='bbox 297 1951 345 1990; x_wconf 89' lang='lat' dir='ltr'>ad</span> <span class='ocrx_word' id='word_1_145' title='bbox 361 1950 585 2003; x_wconf 84' lang='lat' dir='ltr'>gravitatem</span> <span class='ocrx_word' id='word_1_146' title='bbox 596 1958 698 1991; x_wconf 88' lang='lat' dir='ltr'>recte</span> <span class='ocrx_word' id='word_1_147' title='bbox 717 1959 913 2001; x_wconf 85' lang='lat' dir='ltr'>assumpta</span> <span class='ocrx_word' id='word_1_148' title='bbox 932 1952 1007 1990; x_wconf 82' lang='lat' dir='ltr'>fuit</span> <span class='ocrx_word' id='word_1_149' title='bbox 1027 1953 1131 2004; x_wconf 85' lang='lat'>(65).</span> 
     </span>
     <span class='ocr_line' id='line_1_20' title="bbox 1189 2001 2229 2055; baseline -0.003 -12"><span class='ocrx_word' id='word_1_150' title='bbox 1189 2015 1343 2055; x_wconf 85' lang='lat' dir='ltr'>possent</span> <span class='ocrx_word' id='word_1_151' title='bbox 1357 2013 1485 2043; x_wconf 82' lang='lat' dir='ltr'>motus</span> <span class='ocrx_word' id='word_1_152' title='bbox 1497 2005 1662 2053; x_wconf 81' lang='lat' dir='ltr'>corporis</span> <span class='ocrx_word' id='word_1_153' title='bbox 1675 2004 1716 2041; x_wconf 91' lang='lat' dir='ltr'>in</span> <span class='ocrx_word' id='word_1_154' title='bbox 1736 2004 1981 2055; x_wconf 17' lang='lat' dir='ltr'>mediowquod</span> <span class='ocrx_word' id='word_1_155' title='bbox 1994 2001 2130 2041; x_wconf 83' lang='lat' dir='ltr'>resistit</span> <span class='ocrx_word' id='word_1_156' title='bbox 2143 2017 2229 2053; x_wconf 90' lang='lat' dir='ltr'>par-</span> 
     </span>
    </p>
   </div>
   <div class='ocr_carea' id='block_1_11' title="bbox 101 2005 1135 2053">
    <p class='ocr_par' dir='ltr' id='par_1_11' title="bbox 101 2005 1135 2053">
     <span class='ocr_line' id='line_1_21' title="bbox 101 2005 1135 2053; baseline -0.002 -9"><span class='ocrx_word' id='word_1_157' title='bbox 101 2007 233 2051; x_wconf 82' lang='lat' dir='ltr'>Quare</span> <span class='ocrx_word' id='word_1_158' title='bbox 250 2018 342 2044; x_wconf 86' lang='lat' dir='ltr'>eum</span> <span class='ocrx_word' id='word_1_159' title='bbox 362 2006 389 2043; x_wconf 89' lang='lat' dir='ltr'><strong>S</strong></span> <span class='ocrx_word' id='word_1_160' title='bbox 410 2006 458 2043; x_wconf 88' lang='lat' dir='ltr'>M</span> <span class='ocrx_word' id='word_1_161' title='bbox 476 2013 712 2053; x_wconf 78' lang='lat' dir='ltr'>assumptam</span> <span class='ocrx_word' id='word_1_162' title='bbox 730 2005 837 2043; x_wconf 81' lang='lat' dir='ltr'>illam</span> <span class='ocrx_word' id='word_1_163' title='bbox 856 2006 1043 2043; x_wconf 85' lang='lat' dir='ltr'>rationem</span> <span class='ocrx_word' id='word_1_164' title='bbox 1067 2019 1135 2043; x_wconf 87' lang='lat' dir='ltr'>ex-</span> 
     </span>
    </p>
   </div>
   <div class='ocr_carea' id='block_1_12' title="bbox 95 2056 1137 2901">
    <p class='ocr_par' dir='ltr' id='par_1_12' title="bbox 95 2056 1137 2795">
     <span class='ocr_line' id='line_1_22' title="bbox 98 2056 1136 2107; baseline 0 -11"><span class='ocrx_word' id='word_1_165' title='bbox 98 2066 228 2107; x_wconf 88' lang='lat' dir='ltr'>ponat,</span> <span class='ocrx_word' id='word_1_166' title='bbox 248 2069 287 2097; x_wconf 89' lang='lat' dir='ltr'>et</span> <span class='ocrx_word' id='word_1_167' title='bbox 305 2066 502 2096; x_wconf 84' lang='lat' dir='ltr'>evanescat</span> <span class='ocrx_word' id='word_1_168' title='bbox 515 2059 563 2096; x_wconf 94' lang='lat' dir='ltr'>M</span> <span class='ocrx_word' id='word_1_169' title='bbox 584 2059 625 2096; x_wconf 92' lang='lat' dir='ltr'>N</span> <span class='ocrx_word' id='word_1_170' title='bbox 644 2058 710 2097; x_wconf 93' lang='lat' dir='ltr'>ubi</span> <span class='ocrx_word' id='word_1_171' title='bbox 733 2059 759 2095; x_wconf 91' lang='lat' dir='ltr'>S</span> <span class='ocrx_word' id='word_1_172' title='bbox 782 2059 826 2096; x_wconf 84' lang='lat' dir='ltr'><strong>M</strong></span> <span class='ocrx_word' id='word_1_173' title='bbox 847 2056 892 2096; x_wconf 80' lang='lat' dir='ltr'>fit</span> <span class='ocrx_word' id='word_1_174' title='bbox 914 2059 940 2096; x_wconf 93' lang='lat' dir='ltr'>S</span> <span class='ocrx_word' id='word_1_175' title='bbox 963 2060 1011 2103; x_wconf 80' lang='lat' dir='ltr'>X,</span> <span class='ocrx_word' id='word_1_176' title='bbox 1032 2066 1136 2107; x_wconf 77' lang='lat' dir='ltr'>patet</span> 
     </span>
     <span class='ocr_line' id='line_1_23' title="bbox 96 2111 1137 2162; baseline -0.001 -12"><span class='ocrx_word' id='word_1_177' title='bbox 96 2112 139 2150; x_wconf 89' lang='lat' dir='ltr'>in</span> <span class='ocrx_word' id='word_1_178' title='bbox 157 2113 230 2150; x_wconf 89' lang='lat' dir='ltr'>hoc</span> <span class='ocrx_word' id='word_1_179' title='bbox 247 2124 337 2149; x_wconf 90' lang='lat' dir='ltr'>casu</span> <span class='ocrx_word' id='word_1_180' title='bbox 367 2111 555 2149; x_wconf 88' lang='lat' dir='ltr'>rationem</span> <span class='ocrx_word' id='word_1_181' title='bbox 578 2111 800 2149; x_wconf 86' lang='lat' dir='ltr'>resistentiae</span> <span class='ocrx_word' id='word_1_182' title='bbox 833 2111 883 2149; x_wconf 87' lang='lat' dir='ltr'>ad</span> <span class='ocrx_word' id='word_1_183' title='bbox 911 2112 1137 2162; x_wconf 79' lang='lat' dir='ltr'>gravitatem</span> 
     </span>
     <span class='ocr_line' id='line_1_24' title="bbox 97 2163 1137 2214; baseline -0.002 -11"><span class='ocrx_word' id='word_1_184' title='bbox 97 2172 200 2203; x_wconf 90' lang='lat' dir='ltr'>recte</span> <span class='ocrx_word' id='word_1_185' title='bbox 218 2163 359 2213; x_wconf 84' lang='lat' dir='ltr'>exponi</span> <span class='ocrx_word' id='word_1_186' title='bbox 383 2176 452 2213; x_wconf 86' lang='lat' dir='ltr'>per</span> <span class='ocrx_word' id='word_1_187' title='bbox 475 2163 618 2202; x_wconf 87' lang='lat' dir='ltr'>lineam</span> <span class='ocrx_word' id='word_1_188' title='bbox 649 2165 676 2202; x_wconf 93' lang='lat' dir='ltr'>S</span> <span class='ocrx_word' id='word_1_189' title='bbox 697 2165 752 2201; x_wconf 91' lang='lat' dir='ltr'>X.</span> <span class='ocrx_word' id='word_1_190' title='bbox 814 2164 952 2214; x_wconf 88' lang='lat' dir='ltr'>Itaque</span> <span class='ocrx_word' id='word_1_191' title='bbox 971 2165 1000 2201; x_wconf 91' lang='lat' dir='ltr'>si</span> <span class='ocrx_word' id='word_1_192' title='bbox 1020 2165 1137 2202; x_wconf 89' lang='lat' dir='ltr'>innu-</span> 
     </span>
     <span class='ocr_line' id='line_1_25' title="bbox 99 2213 1134 2265; baseline 0 -10"><span class='ocrx_word' id='word_1_193' title='bbox 99 2230 215 2255; x_wconf 86' lang='lat' dir='ltr'>merae</span> <span class='ocrx_word' id='word_1_194' title='bbox 232 2217 404 2255; x_wconf 88' lang='lat' dir='ltr'>abscissae</span> <span class='ocrx_word' id='word_1_195' title='bbox 427 2217 453 2254; x_wconf 93' lang='lat' dir='ltr'>S</span> <span class='ocrx_word' id='word_1_196' title='bbox 475 2218 522 2254; x_wconf 90' lang='lat' dir='ltr'>M</span> <span class='ocrx_word' id='word_1_197' title='bbox 541 2224 747 2265; x_wconf 69' lang='lat' dir='ltr'>aseumptae</span> <span class='ocrx_word' id='word_1_198' title='bbox 766 2213 941 2262; x_wconf 81' lang='lat' dir='ltr'>fuissent,</span> <span class='ocrx_word' id='word_1_199' title='bbox 962 2225 1001 2255; x_wconf 87' lang='lat' dir='ltr'>et</span> <span class='ocrx_word' id='word_1_200' title='bbox 1018 2218 1134 2255; x_wconf 89' lang='lat' dir='ltr'>innu-</span> 
     </span>
     <span class='ocr_line' id='line_1_26' title="bbox 96 2270 1135 2318; baseline 0 -11"><span class='ocrx_word' id='word_1_201' title='bbox 96 2283 213 2308; x_wconf 89' lang='lat' dir='ltr'>merae</span> <span class='ocrx_word' id='word_1_202' title='bbox 240 2270 425 2307; x_wconf 87' lang='lat' dir='ltr'>ordinatae</span> <span class='ocrx_word' id='word_1_203' title='bbox 454 2270 496 2307; x_wconf 92' lang='lat' dir='ltr'>N</span> <span class='ocrx_word' id='word_1_204' title='bbox 519 2271 564 2307; x_wconf 89' lang='lat' dir='ltr'>M</span> <span class='ocrx_word' id='word_1_205' title='bbox 592 2282 660 2318; x_wconf 89' lang='lat' dir='ltr'>per</span> <span class='ocrx_word' id='word_1_206' title='bbox 678 2270 938 2318; x_wconf 79' lang='lat' dir='ltr'>experImenta</span> <span class='ocrx_word' id='word_1_207' title='bbox 955 2270 1135 2308; x_wconf 86' lang='lat' dir='ltr'>determi-</span> 
     </span>
     <span class='ocr_line' id='line_1_27' title="bbox 97 2322 1134 2373; baseline 0.001 -13"><span class='ocrx_word' id='word_1_208' title='bbox 97 2332 210 2368; x_wconf 81' lang='lat' dir='ltr'>natae,</span> <span class='ocrx_word' id='word_1_209' title='bbox 237 2336 354 2361; x_wconf 89' lang='lat' dir='ltr'>curva</span> <span class='ocrx_word' id='word_1_210' title='bbox 380 2335 497 2373; x_wconf 88' lang='lat' dir='ltr'>quam</span> <span class='ocrx_word' id='word_1_211' title='bbox 515 2331 704 2373; x_wconf 84' lang='lat' dir='ltr'>punctum</span> <span class='ocrx_word' id='word_1_212' title='bbox 726 2324 765 2360; x_wconf 94' lang='lat' dir='ltr'>N</span> <span class='ocrx_word' id='word_1_213' title='bbox 785 2322 969 2373; x_wconf 75' lang='lat' dir='ltr'>perpetuo</span> <span class='ocrx_word' id='word_1_214' title='bbox 998 2324 1134 2372; x_wconf 80' lang='lat' dir='ltr'>tangit,</span> 
     </span>
     <span class='ocr_line' id='line_1_28' title="bbox 96 2375 1133 2426; baseline 0 -13"><span class='ocrx_word' id='word_1_215' title='bbox 96 2377 282 2414; x_wconf 87' lang='lat' dir='ltr'>rationem</span> <span class='ocrx_word' id='word_1_216' title='bbox 313 2383 529 2413; x_wconf 85' lang='lat' dir='ltr'>accuratam</span> <span class='ocrx_word' id='word_1_217' title='bbox 564 2375 787 2426; x_wconf 79' lang='lat' dir='ltr'>resistentiae</span> <span class='ocrx_word' id='word_1_218' title='bbox 823 2376 873 2413; x_wconf 90' lang='lat' dir='ltr'>ad</span> <span class='ocrx_word' id='word_1_219' title='bbox 909 2376 1133 2425; x_wconf 73' lang='lat' dir='ltr'>gravitatem</span> 
     </span>
     <span class='ocr_line' id='line_1_29' title="bbox 97 2428 1132 2478; baseline 0.001 -12"><span class='ocrx_word' id='word_1_220' title='bbox 97 2428 366 2467; x_wconf 82' lang='lat' dir='ltr'>determinaret</span> <span class='ocrx_word' id='word_1_221' title='bbox 391 2441 459 2477; x_wconf 91' lang='lat' dir='ltr'>per</span> <span class='ocrx_word' id='word_1_222' title='bbox 477 2428 560 2478; x_wconf 89' lang='lat' dir='ltr'>ejus</span> <span class='ocrx_word' id='word_1_223' title='bbox 578 2428 887 2466; x_wconf 83' lang='lat' dir='ltr'>intersectionem</span> <span class='ocrx_word' id='word_1_224' title='bbox 910 2430 952 2467; x_wconf 90' lang='lat' dir='ltr'>X</span> <span class='ocrx_word' id='word_1_225' title='bbox 978 2442 1067 2467; x_wconf 87' lang='lat' dir='ltr'>cum</span> <span class='ocrx_word' id='word_1_226' title='bbox 1087 2430 1132 2467; x_wconf 91' lang='lat' dir='ltr'>li-</span> 
     </span>
     <span class='ocr_line' id='line_1_30' title="bbox 96 2479 1133 2531; baseline 0.001 -12"><span class='ocrx_word' id='word_1_227' title='bbox 96 2481 171 2519; x_wconf 72' lang='lat' dir='ltr'>nea</span> <span class='ocrx_word' id='word_1_228' title='bbox 200 2483 226 2519; x_wconf 92' lang='lat' dir='ltr'>S</span> <span class='ocrx_word' id='word_1_229' title='bbox 247 2482 317 2528; x_wconf 82' lang='lat' dir='ltr'>M3</span> <span class='ocrx_word' id='word_1_230' title='bbox 356 2480 519 2531; x_wconf 83' lang='lat' dir='ltr'>ide6que</span> <span class='ocrx_word' id='word_1_231' title='bbox 551 2482 583 2519; x_wconf 89' lang='lat' dir='ltr'>si</span> <span class='ocrx_word' id='word_1_232' title='bbox 619 2481 745 2519; x_wconf 88' lang='lat' dir='ltr'>multa</span> <span class='ocrx_word' id='word_1_233' title='bbox 781 2479 881 2519; x_wconf 82' lang='lat' dir='ltr'>fiunt</span> <span class='ocrx_word' id='word_1_234' title='bbox 909 2482 1133 2529; x_wconf 86' lang='lat' dir='ltr'>tentamina,</span> 
     </span>
     <span class='ocr_line' id='line_1_31' title="bbox 96 2530 1134 2585; baseline 0.001 -13"><span class='ocrx_word' id='word_1_235' title='bbox 96 2535 225 2585; x_wconf 88' lang='lat' dir='ltr'>sicque</span> <span class='ocrx_word' id='word_1_236' title='bbox 243 2534 354 2583; x_wconf 87' lang='lat' dir='ltr'>plura</span> <span class='ocrx_word' id='word_1_237' title='bbox 372 2534 616 2572; x_wconf 85' lang='lat' dir='ltr'>obtineantur</span> <span class='ocrx_word' id='word_1_238' title='bbox 633 2542 777 2583; x_wconf 87' lang='lat' dir='ltr'>puncta</span> <span class='ocrx_word' id='word_1_239' title='bbox 793 2530 844 2580; x_wconf 84' lang='lat' dir='ltr'>N,</span> <span class='ocrx_word' id='word_1_240' title='bbox 865 2543 904 2573; x_wconf 92' lang='lat' dir='ltr'>et</span> <span class='ocrx_word' id='word_1_241' title='bbox 922 2548 988 2583; x_wconf 87' lang='lat' dir='ltr'>per</span> <span class='ocrx_word' id='word_1_242' title='bbox 1006 2549 1051 2573; x_wconf 86' lang='lat' dir='ltr'>ea</span> <span class='ocrx_word' id='word_1_243' title='bbox 1062 2536 1134 2573; x_wconf 91' lang='lat' dir='ltr'>du-</span> 
     </span>
     <span class='ocr_line' id='line_1_32' title="bbox 97 2587 1136 2639; baseline 0.003 -15"><span class='ocrx_word' id='word_1_244' title='bbox 97 2596 205 2625; x_wconf 90' lang='lat' dir='ltr'>catur</span> <span class='ocrx_word' id='word_1_245' title='bbox 237 2600 353 2625; x_wconf 82' lang='lat' dir='ltr'>curva</span> <span class='ocrx_word' id='word_1_246' title='bbox 387 2587 574 2637; x_wconf 87' lang='lat' dir='ltr'>regularis</span> <span class='ocrx_word' id='word_1_247' title='bbox 613 2588 654 2625; x_wconf 93' lang='lat' dir='ltr'>N</span> <span class='ocrx_word' id='word_1_248' title='bbox 685 2588 725 2625; x_wconf 93' lang='lat' dir='ltr'>N</span> <span class='ocrx_word' id='word_1_249' title='bbox 755 2588 797 2625; x_wconf 93' lang='lat' dir='ltr'><strong>X</strong></span> <span class='ocrx_word' id='word_1_250' title='bbox 830 2588 880 2631; x_wconf 88' lang='lat' dir='ltr'>N,</span> <span class='ocrx_word' id='word_1_251' title='bbox 918 2588 983 2626; x_wconf 90' lang='lat' dir='ltr'>illa</span> <span class='ocrx_word' id='word_1_252' title='bbox 1019 2602 1136 2639; x_wconf 88' lang='lat' dir='ltr'>quam</span> 
     </span>
     <span class='ocr_line' id='line_1_33' title="bbox 95 2640 1133 2690; baseline 0.002 -13"><span class='ocrx_word' id='word_1_253' title='bbox 95 2642 269 2690; x_wconf 83' lang='lat' dir='ltr'>proxime</span> <span class='ocrx_word' id='word_1_254' title='bbox 303 2647 493 2689; x_wconf 89' lang='lat' dir='ltr'>punctum</span> <span class='ocrx_word' id='word_1_255' title='bbox 533 2640 576 2678; x_wconf 93' lang='lat' dir='ltr'><strong>X</strong></span> <span class='ocrx_word' id='word_1_256' title='bbox 612 2640 816 2689; x_wconf 82' lang='lat' dir='ltr'>quaesitum</span> <span class='ocrx_word' id='word_1_257' title='bbox 844 2640 1133 2689; x_wconf 81' lang='lat' dir='ltr'>determinabit3</span> 
     </span>
     <span class='ocr_line' id='line_1_34' title="bbox 95 2693 1135 2745; baseline 0.001 -14"><span class='ocrx_word' id='word_1_258' title='bbox 95 2693 319 2731; x_wconf 87' lang='lat' dir='ltr'>methodum</span> <span class='ocrx_word' id='word_1_259' title='bbox 335 2701 464 2731; x_wconf 89' lang='lat' dir='ltr'>autem</span> <span class='ocrx_word' id='word_1_260' title='bbox 484 2693 650 2731; x_wconf 88' lang='lat' dir='ltr'>ducendi</span> <span class='ocrx_word' id='word_1_261' title='bbox 665 2706 821 2731; x_wconf 85' lang='lat' dir='ltr'>curvam</span> <span class='ocrx_word' id='word_1_262' title='bbox 833 2695 1048 2745; x_wconf 82' lang='lat' dir='ltr'>regularem</span> <span class='ocrx_word' id='word_1_263' title='bbox 1067 2709 1135 2743; x_wconf 88' lang='lat' dir='ltr'>per</span> 
     </span>
     <span class='ocr_line' id='line_1_35' title="bbox 95 2746 1129 2795; baseline 0.003 -12"><span class='ocrx_word' id='word_1_264' title='bbox 95 2746 207 2795; x_wconf 87' lang='lat' dir='ltr'>plura</span> <span class='ocrx_word' id='word_1_265' title='bbox 217 2755 359 2787; x_wconf 82' lang='lat' dir='ltr'>puncta</span> <span class='ocrx_word' id='word_1_266' title='bbox 370 2746 458 2784; x_wconf 89' lang='lat' dir='ltr'>data</span> <span class='ocrx_word' id='word_1_267' title='bbox 468 2759 559 2784; x_wconf 90' lang='lat' dir='ltr'>mox</span> <span class='ocrx_word' id='word_1_268' title='bbox 570 2746 613 2783; x_wconf 89' lang='lat' dir='ltr'>in</span> <span class='ocrx_word' id='word_1_269' title='bbox 631 2746 783 2784; x_wconf 87' lang='lat' dir='ltr'>Scholio</span> <span class='ocrx_word' id='word_1_270' title='bbox 795 2760 929 2785; x_wconf 90' lang='lat' dir='ltr'>sumus</span> <span class='ocrx_word' id='word_1_271' title='bbox 943 2748 1129 2786; x_wconf 89' lang='lat' dir='ltr'>tradituri.</span> 
     </span>
    </p>

    <p class='ocr_par' dir='ltr' id='par_1_13' title="bbox 97 2799 1134 2901">
     <span class='ocr_line' id='line_1_36' title="bbox 150 2799 1132 2850; baseline 0.003 -14"><span class='ocrx_word' id='word_1_272' title='bbox 150 2799 204 2850; x_wconf 66' lang='lat' dir='ltr'>(b)</span> <span class='ocrx_word' id='word_1_273' title='bbox 216 2799 307 2837; x_wconf 72' lang='lat' dir='ltr'>*Ex</span> <span class='ocrx_word' id='word_1_274' title='bbox 332 2803 402 2838; x_wconf 81' lang='lat' dir='ltr'>hac</span> <span class='ocrx_word' id='word_1_275' title='bbox 428 2801 575 2838; x_wconf 80' lang='lat' dir='ltr'>ratione</span> <span class='ocrx_word' id='word_1_276' title='bbox 607 2802 807 2848; x_wconf 74' lang='lat' dir='ltr'>colligenda</span> <span class='ocrx_word' id='word_1_277' title='bbox 837 2810 900 2845; x_wconf 81' lang='lat' dir='ltr'>est,</span> <span class='ocrx_word' id='word_1_278' title='bbox 932 2802 1001 2838; x_wconf 79' lang='lat' dir='ltr'>&amp;c-</span> <span class='ocrx_word' id='word_1_279' title='bbox 1064 2802 1132 2847; x_wconf 87' lang='lat' dir='ltr'>Sit,</span> 
     </span>
     <span class='ocr_line' id='line_1_37' title="bbox 97 2851 1134 2901; baseline 0.003 -12"><span class='ocrx_word' id='word_1_280' title='bbox 97 2852 263 2900; x_wconf 79' lang='lat' dir='ltr'>exempli</span> <span class='ocrx_word' id='word_1_281' title='bbox 292 2851 418 2898; x_wconf 70' lang='lat' dir='ltr'>causa,</span> <span class='ocrx_word' id='word_1_282' title='bbox 454 2852 551 2890; x_wconf 88' lang='lat' dir='ltr'>ratio</span> <span class='ocrx_word' id='word_1_283' title='bbox 593 2860 789 2901; x_wconf 87' lang='lat' dir='ltr'>assumpta</span> <span class='ocrx_word' id='word_1_284' title='bbox 823 2854 1047 2892; x_wconf 84' lang='lat' dir='ltr'>resistentiae</span> <span class='ocrx_word' id='word_1_285' title='bbox 1084 2855 1134 2893; x_wconf 86' lang='lat' dir='ltr'>ad</span> 
     </span>
    </p>
   </div>
   <div class='ocr_carea' id='block_1_13' title="bbox 95 2911 1138 3357">
    <p class='ocr_par' dir='ltr' id='par_1_14' title="bbox 95 2911 1138 3357">
     <span class='ocr_line' id='line_1_38' title="bbox 98 2911 1138 2973; baseline 0.004 -18"><span class='ocrx_word' id='word_1_286' title='bbox 98 2918 324 2969; x_wconf 85' lang='lat' dir='ltr'>gravitatem</span> <span class='ocrx_word' id='word_1_287' title='bbox 354 2923 371 2956; x_wconf 93' lang='lat'>1</span> <span class='ocrx_word' id='word_1_288' title='bbox 405 2918 456 2957; x_wconf 86' lang='lat' dir='ltr'>ad</span> <span class='ocrx_word' id='word_1_289' title='bbox 475 2922 536 2965; x_wconf 90' lang='lat'>10,</span> <span class='ocrx_word' id='word_1_290' title='bbox 568 2932 637 2957; x_wconf 87' lang='lat' dir='ltr'>seu</span> <span class='ocrx_word' id='word_1_291' title='bbox 668 2920 695 2957; x_wconf 90' lang='lat' dir='ltr'>S</span> <span class='ocrx_word' id='word_1_292' title='bbox 716 2920 763 2957; x_wconf 88' lang='lat' dir='ltr'>M</span> <span class='ocrx_word' id='word_1_293' title='bbox 782 2937 838 2957; x_wconf 91' lang='lat'>=</span> <span class='ocrx_word' id='word_1_294' title='bbox 865 2911 955 2973; x_wconf 55' lang='lat'>1153</span> <span class='ocrx_word' id='word_1_295' title='bbox 985 2920 1138 2959; x_wconf 67' lang='lat' dir='ltr'>invem</span> 
     </span>
     <span class='ocr_line' id='line_1_39' title="bbox 96 2974 1135 3039; baseline 0.002 -17"><span class='ocrx_word' id='word_1_296' title='bbox 96 2993 225 3022; x_wconf 86' lang='lat' dir='ltr'>autem</span> <span class='ocrx_word' id='word_1_297' title='bbox 245 2985 293 3023; x_wconf 91' lang='lat' dir='ltr'>sit</span> <span class='ocrx_word' id='word_1_298' title='bbox 315 2986 341 3023; x_wconf 93' lang='lat' dir='ltr'>S</span> <span class='ocrx_word' id='word_1_299' title='bbox 363 2986 480 3032; x_wconf 47' lang='lat' dir='ltr'>X‚=</span> <span class='ocrx_word' id='word_1_300' title='bbox 501 2990 526 3023; x_wconf 73' lang='lat'><strong>2</strong></span> <span class='ocrx_word' id='word_1_301' title='bbox 548 2986 575 3023; x_wconf 95' lang='lat' dir='ltr'>S</span> <span class='ocrx_word' id='word_1_302' title='bbox 598 2986 645 3024; x_wconf 93' lang='lat' dir='ltr'>M</span> <span class='ocrx_word' id='word_1_303' title='bbox 665 3003 721 3023; x_wconf 92' lang='lat'><strong><em>=</em></strong></span> <span class='ocrx_word' id='word_1_304' title='bbox 741 2974 806 3039; x_wconf 56' lang='lat'>{³5</span> <span class='ocrx_word' id='word_1_305' title='bbox 824 3003 882 3024; x_wconf 92' lang='lat'><strong><em>=</em></strong></span> <span class='ocrx_word' id='word_1_306' title='bbox 901 2976 957 3039; x_wconf 64' lang='lat'>};</span> <span class='ocrx_word' id='word_1_307' title='bbox 987 2986 1058 3023; x_wconf 91' lang='lat' dir='ltr'>erit</span> <span class='ocrx_word' id='word_1_308' title='bbox 1075 2998 1135 3024; x_wconf 90' lang='lat' dir='ltr'>re-</span> 
     </span>
     <span class='ocr_line' id='line_1_40' title="bbox 97 3038 1136 3089; baseline -0.001 -15"><span class='ocrx_word' id='word_1_309' title='bbox 97 3038 267 3076; x_wconf 88' lang='lat' dir='ltr'>sistentia</span> <span class='ocrx_word' id='word_1_310' title='bbox 294 3038 343 3076; x_wconf 91' lang='lat' dir='ltr'>ad</span> <span class='ocrx_word' id='word_1_311' title='bbox 370 3039 595 3089; x_wconf 85' lang='lat' dir='ltr'>gravitatem</span> <span class='ocrx_word' id='word_1_312' title='bbox 624 3047 669 3076; x_wconf 88' lang='lat' dir='ltr'>ut</span> <span class='ocrx_word' id='word_1_313' title='bbox 691 3044 706 3077; x_wconf 91' lang='grc'><strong>1</strong></span> <span class='ocrx_word' id='word_1_314' title='bbox 729 3039 779 3077; x_wconf 85' lang='lat' dir='ltr'>ad</span> <span class='ocrx_word' id='word_1_315' title='bbox 798 3042 834 3078; x_wconf 87' lang='lat'>5.</span> <span class='ocrx_word' id='word_1_316' title='bbox 896 3039 959 3077; x_wconf 86' lang='lat' dir='ltr'>Ex</span> <span class='ocrx_word' id='word_1_317' title='bbox 978 3040 1048 3076; x_wconf 87' lang='lat' dir='ltr'>hac</span> <span class='ocrx_word' id='word_1_318' title='bbox 1075 3052 1136 3077; x_wconf 88' lang='lat' dir='ltr'>ra-</span> 
     </span>
     <span class='ocr_line' id='line_1_41' title="bbox 95 3091 1137 3142; baseline 0.003 -15"><span class='ocrx_word' id='word_1_319' title='bbox 95 3091 199 3128; x_wconf 87' lang='lat' dir='ltr'>tione</span> <span class='ocrx_word' id='word_1_320' title='bbox 231 3098 268 3128; x_wconf 90' lang='lat' dir='ltr'>et</span> <span class='ocrx_word' id='word_1_321' title='bbox 298 3091 493 3139; x_wconf 67' lang='lat' dir='ltr'>assumpta</span> <span class='ocrx_word' id='word_1_322' title='bbox 523 3091 769 3142; x_wconf 88' lang='lat' dir='ltr'>longitudine</span> <span class='ocrx_word' id='word_1_323' title='bbox 800 3093 840 3130; x_wconf 93' lang='lat' dir='ltr'>D</span> <span class='ocrx_word' id='word_1_324' title='bbox 859 3092 894 3130; x_wconf 92' lang='lat' dir='ltr'><strong>P</strong></span> <span class='ocrx_word' id='word_1_325' title='bbox 920 3091 1137 3142; x_wconf 86' lang='lat' dir='ltr'>colligenda</span> 
     </span>
     <span class='ocr_line' id='line_1_42' title="bbox 97 3143 1131 3196; baseline 0.002 -16"><span class='ocrx_word' id='word_1_326' title='bbox 97 3151 153 3181; x_wconf 87' lang='lat' dir='ltr'>est</span> <span class='ocrx_word' id='word_1_327' title='bbox 182 3143 386 3195; x_wconf 84' lang='lat' dir='ltr'>longitudo</span> <span class='ocrx_word' id='word_1_328' title='bbox 417 3145 457 3182; x_wconf 95' lang='lat' dir='ltr'>D</span> <span class='ocrx_word' id='word_1_329' title='bbox 481 3145 513 3182; x_wconf 91' lang='lat' dir='ltr'><strong>F</strong></span> <span class='ocrx_word' id='word_1_330' title='bbox 540 3158 608 3182; x_wconf 91' lang='lat' dir='ltr'>seu</span> <span class='ocrx_word' id='word_1_331' title='bbox 635 3145 847 3193; x_wconf 87' lang='lat' dir='ltr'>amplituda</span> <span class='ocrx_word' id='word_1_332' title='bbox 869 3144 996 3194; x_wconf 75' lang='lat' dir='ltr'>jactfis</span> <span class='ocrx_word' id='word_1_333' title='bbox 1016 3146 1131 3196; x_wconf 83' lang='lat'><strong>(64);</strong></span> 
     </span>
     <span class='ocr_line' id='line_1_43' title="bbox 97 3197 1135 3246; baseline 0.003 -13"><span class='ocrx_word' id='word_1_334' title='bbox 97 3203 136 3233; x_wconf 86' lang='lat' dir='ltr'>et</span> <span class='ocrx_word' id='word_1_335' title='bbox 163 3197 348 3246; x_wconf 82' lang='lat' dir='ltr'>quoniam</span> <span class='ocrx_word' id='word_1_336' title='bbox 378 3197 535 3236; x_wconf 70' lang='lat' dir='ltr'>inventii</span> <span class='ocrx_word' id='word_1_337' title='bbox 560 3198 649 3236; x_wconf 73' lang='lat' dir='ltr'>vera</span> <span class='ocrx_word' id='word_1_338' title='bbox 675 3198 822 3236; x_wconf 80' lang='lat' dir='ltr'>ratione</span> <span class='ocrx_word' id='word_1_339' title='bbox 845 3198 1067 3236; x_wconf 84' lang='lat' dir='ltr'>resistentiae</span> <span class='ocrx_word' id='word_1_340' title='bbox 1085 3197 1135 3235; x_wconf 83' lang='lat' dir='ltr'>ad</span> 
     </span>
     <span class='ocr_line' id='line_1_44' title="bbox 97 3248 1134 3301; baseline 0.002 -15"><span class='ocrx_word' id='word_1_341' title='bbox 97 3248 334 3301; x_wconf 79' lang='lat' dir='ltr'>gravitatem,</span> <span class='ocrx_word' id='word_1_342' title='bbox 355 3251 568 3300; x_wconf 86' lang='lat' dir='ltr'>trajectoria</span> <span class='ocrx_word' id='word_1_343' title='bbox 584 3264 652 3299; x_wconf 89' lang='lat' dir='ltr'>per</span> <span class='ocrx_word' id='word_1_344' title='bbox 670 3251 864 3289; x_wconf 85' lang='lat' dir='ltr'>calculum</span> <span class='ocrx_word' id='word_1_345' title='bbox 882 3251 942 3289; x_wconf 90' lang='lat' dir='ltr'>vel</span> <span class='ocrx_word' id='word_1_346' title='bbox 960 3264 1029 3300; x_wconf 89' lang='lat' dir='ltr'>per</span> <span class='ocrx_word' id='word_1_347' title='bbox 1042 3263 1134 3289; x_wconf 90' lang='lat' dir='ltr'>eon-</span> 
     </span>
     <span class='ocr_line' id='line_1_45' title="bbox 97 3301 1134 3357; baseline 0.002 -18"><span class='ocrx_word' id='word_1_348' title='bbox 97 3301 345 3340; x_wconf 85' lang='lat' dir='ltr'>structionem</span> <span class='ocrx_word' id='word_1_349' title='bbox 373 3302 528 3341; x_wconf 79' lang='lat' dir='ltr'>inventa</span> <span class='ocrx_word' id='word_1_350' title='bbox 546 3302 681 3341; x_wconf 88' lang='lat' dir='ltr'>similis</span> <span class='ocrx_word' id='word_1_351' title='bbox 700 3311 757 3341; x_wconf 83' lang='lat' dir='ltr'>est</span> <span class='ocrx_word' id='word_1_352' title='bbox 774 3305 998 3357; x_wconf 84' lang='lat' dir='ltr'>trajectoriae</span> <span class='ocrx_word' id='word_1_353' title='bbox 1017 3316 1134 3354; x_wconf 89' lang='lat' dir='ltr'>quam</span> 
     </span>
    </p>
   </div>
   <div class='ocr_carea' id='block_1_14' title="bbox 98 3353 1132 3408">
    <p class='ocr_par' dir='ltr' id='par_1_15' title="bbox 98 3353 1132 3408">
     <span class='ocr_line' id='line_1_46' title="bbox 98 3353 1132 3408; baseline 0.005 -17"><span class='ocrx_word' id='word_1_354' title='bbox 98 3366 236 3403; x_wconf 85' lang='lat' dir='ltr'>corpus</span> <span class='ocrx_word' id='word_1_355' title='bbox 252 3353 294 3391; x_wconf 90' lang='lat' dir='ltr'>in</span> <span class='ocrx_word' id='word_1_356' title='bbox 305 3355 433 3393; x_wconf 86' lang='lat' dir='ltr'>medio</span> <span class='ocrx_word' id='word_1_357' title='bbox 451 3357 658 3402; x_wconf 84' lang='lat' dir='ltr'>resistente,</span> <span class='ocrx_word' id='word_1_358' title='bbox 679 3356 809 3395; x_wconf 68' lang='lat' dir='ltr'>revera</span> <span class='ocrx_word' id='word_1_359' title='bbox 830 3357 1009 3396; x_wconf 86' lang='lat' dir='ltr'>describit</span> <span class='ocrx_word' id='word_1_360' title='bbox 1028 3356 1132 3408; x_wconf 91' lang='lat'>(65),</span> 
     </span>
    </p>
   </div>
   <div class='ocr_carea' id='block_1_15' title="bbox 98 3405 1136 3458">
    <p class='ocr_par' dir='ltr' id='par_1_16' title="bbox 0 3389 1136 3458">
     <span class='ocr_line' id='line_1_47' title="bbox 98 3405 1136 3458; baseline 0.003 -13.741"><span class='ocrx_word' id='word_1_361' title='bbox 98 3405 172 3444; x_wconf 84' lang='lat' dir='ltr'>erit</span> <span class='ocrx_word' id='word_1_362' title='bbox 201 3407 415 3455; x_wconf 83' lang='lat' dir='ltr'>amplitudo</span> <span class='ocrx_word' id='word_1_363' title='bbox 447 3408 488 3446; x_wconf 94' lang='lat' dir='ltr'>D</span> <span class='ocrx_word' id='word_1_364' title='bbox 519 3409 553 3446; x_wconf 90' lang='lat' dir='ltr'><strong>F</strong></span> <span class='ocrx_word' id='word_1_365' title='bbox 581 3422 650 3458; x_wconf 88' lang='lat' dir='ltr'>per</span> <span class='ocrx_word' id='word_1_366' title='bbox 680 3409 875 3447; x_wconf 87' lang='lat' dir='ltr'>calculum</span> <span class='ocrx_word' id='word_1_367' title='bbox 903 3409 1056 3447; x_wconf 84' lang='lat' dir='ltr'>inventa</span> <span class='ocrx_word' id='word_1_368' title='bbox 1085 3409 1136 3447; x_wconf 92' lang='lat' dir='ltr'>ad</span> 
     </span>
    </p>
   </div>
   <div class='ocr_carea' id='block_1_16' title="bbox 97 3458 1139 3831">
    <p class='ocr_par' dir='ltr' id='par_1_17' title="bbox 97 3458 1139 3831">
     <span class='ocr_line' id='line_1_48' title="bbox 97 3458 1134 3513; baseline 0.003 -17"><span class='ocrx_word' id='word_1_369' title='bbox 97 3458 393 3508; x_wconf 78' lang='lat' dir='ltr'>amplitudinem</span> <span class='ocrx_word' id='word_1_370' title='bbox 416 3461 455 3499; x_wconf 95' lang='lat' dir='ltr'>D</span> <span class='ocrx_word' id='word_1_371' title='bbox 474 3461 507 3499; x_wconf 88' lang='lat' dir='ltr'><strong>F</strong></span> <span class='ocrx_word' id='word_1_372' title='bbox 524 3473 592 3510; x_wconf 90' lang='lat' dir='ltr'>per</span> <span class='ocrx_word' id='word_1_373' title='bbox 610 3464 915 3511; x_wconf 83' lang='lat' dir='ltr'>experimentum</span> <span class='ocrx_word' id='word_1_374' title='bbox 927 3463 1134 3513; x_wconf 87' lang='lat' dir='ltr'>cognitam,</span> 
     </span>
     <span class='ocr_line' id='line_1_49' title="bbox 98 3513 1136 3566; baseline 0.005 -18"><span class='ocrx_word' id='word_1_375' title='bbox 98 3519 144 3549; x_wconf 89' lang='lat' dir='ltr'>ut</span> <span class='ocrx_word' id='word_1_376' title='bbox 160 3520 355 3561; x_wconf 84' lang='lat' dir='ltr'>assumpta</span> <span class='ocrx_word' id='word_1_377' title='bbox 371 3513 576 3566; x_wconf 87' lang='lat' dir='ltr'>longitudo</span> <span class='ocrx_word' id='word_1_378' title='bbox 597 3515 638 3552; x_wconf 93' lang='lat' dir='ltr'>D</span> <span class='ocrx_word' id='word_1_379' title='bbox 661 3515 696 3553; x_wconf 93' lang='lat' dir='ltr'>P</span> <span class='ocrx_word' id='word_1_380' title='bbox 713 3514 763 3553; x_wconf 80' lang='lat' dir='ltr'>ad</span> <span class='ocrx_word' id='word_1_381' title='bbox 781 3528 908 3553; x_wconf 88' lang='lat' dir='ltr'>veram</span> <span class='ocrx_word' id='word_1_382' title='bbox 925 3515 1136 3566; x_wconf 86' lang='lat' dir='ltr'>longitudi-</span> 
     </span>
     <span class='ocr_line' id='line_1_50' title="bbox 99 3565 1132 3617; baseline 0.004 -16"><span class='ocrx_word' id='word_1_383' title='bbox 99 3575 188 3603; x_wconf 87' lang='lat' dir='ltr'>nem</span> <span class='ocrx_word' id='word_1_384' title='bbox 213 3566 254 3603; x_wconf 93' lang='lat' dir='ltr'>D</span> <span class='ocrx_word' id='word_1_385' title='bbox 277 3565 312 3603; x_wconf 91' lang='lat' dir='ltr'>P</span> <span class='ocrx_word' id='word_1_386' title='bbox 331 3579 399 3615; x_wconf 89' lang='lat' dir='ltr'>pro</span> <span class='ocrx_word' id='word_1_387' title='bbox 417 3566 630 3617; x_wconf 68' lang='lat' dir='ltr'>trajectoria</span> <span class='ocrx_word' id='word_1_388' title='bbox 647 3567 689 3604; x_wconf 90' lang='lat' dir='ltr'>in</span> <span class='ocrx_word' id='word_1_389' title='bbox 706 3567 834 3606; x_wconf 86' lang='lat' dir='ltr'>medio</span> <span class='ocrx_word' id='word_1_390' title='bbox 852 3567 1048 3606; x_wconf 82' lang='lat' dir='ltr'>resistente</span> <span class='ocrx_word' id='word_1_391' title='bbox 1067 3568 1132 3605; x_wconf 89' lang='lat' dir='ltr'>de-</span> 
     </span>
     <span class='ocr_line' id='line_1_51' title="bbox 102 3616 1135 3671; baseline 0.005 -18"><span class='ocrx_word' id='word_1_392' title='bbox 102 3616 252 3666; x_wconf 63' lang='lat' dir='ltr'>scripta.</span> <span class='ocrx_word' id='word_1_393' title='bbox 315 3619 405 3657; x_wconf 62' lang='lat' dir='ltr'>Hac</span> <span class='ocrx_word' id='word_1_394' title='bbox 424 3628 554 3658; x_wconf 88' lang='lat' dir='ltr'>autem</span> <span class='ocrx_word' id='word_1_395' title='bbox 572 3619 816 3671; x_wconf 87' lang='lat' dir='ltr'>longitudine</span> <span class='ocrx_word' id='word_1_396' title='bbox 834 3620 998 3663; x_wconf 69' lang='lat' dir='ltr'>inventa,</span> <span class='ocrx_word' id='word_1_397' title='bbox 1020 3622 1135 3658; x_wconf 87' lang='lat' dir='ltr'>habe-</span> 
     </span>
     <span class='ocr_line' id='line_1_52' title="bbox 101 3671 1134 3723; baseline 0.005 -18"><span class='ocrx_word' id='word_1_398' title='bbox 101 3676 165 3706; x_wconf 84' lang='lat' dir='ltr'>tur</span> <span class='ocrx_word' id='word_1_399' title='bbox 185 3672 270 3720; x_wconf 91' lang='lat' dir='ltr'>(per</span> <span class='ocrx_word' id='word_1_400' title='bbox 291 3671 380 3709; x_wconf 87' lang='lat' dir='ltr'>Cor.</span> <span class='ocrx_word' id='word_1_401' title='bbox 400 3672 455 3717; x_wconf 84' lang='grc'>4.)</span> <span class='ocrx_word' id='word_1_402' title='bbox 476 3680 561 3710; x_wconf 90' lang='lat' dir='ltr'>tum</span> <span class='ocrx_word' id='word_1_403' title='bbox 579 3686 695 3711; x_wconf 86' lang='lat' dir='ltr'>curva</span> <span class='ocrx_word' id='word_1_404' title='bbox 712 3672 815 3711; x_wconf 89' lang='lat' dir='ltr'>linea</span> <span class='ocrx_word' id='word_1_405' title='bbox 832 3673 873 3710; x_wconf 94' lang='lat' dir='ltr'>D</span> <span class='ocrx_word' id='word_1_406' title='bbox 892 3686 911 3710; x_wconf 88' lang='lat' dir='ltr'>r</span> <span class='ocrx_word' id='word_1_407' title='bbox 929 3686 952 3710; x_wconf 88' lang='lat' dir='ltr'>a</span> <span class='ocrx_word' id='word_1_408' title='bbox 970 3674 1002 3711; x_wconf 89' lang='lat' dir='ltr'><strong>F</strong></span> <span class='ocrx_word' id='word_1_409' title='bbox 1019 3685 1134 3723; x_wconf 86' lang='lat' dir='ltr'>quam</span> 
     </span>
     <span class='ocr_line' id='line_1_53' title="bbox 100 3723 1139 3774; baseline 0.006 -16"><span class='ocrx_word' id='word_1_410' title='bbox 100 3734 237 3770; x_wconf 86' lang='lat' dir='ltr'>corpus</span> <span class='ocrx_word' id='word_1_411' title='bbox 263 3723 386 3773; x_wconf 68' lang='lat' dir='ltr'>reipsa</span> <span class='ocrx_word' id='word_1_412' title='bbox 401 3724 590 3771; x_wconf 86' lang='lat' dir='ltr'>describit,</span> <span class='ocrx_word' id='word_1_413' title='bbox 619 3733 704 3762; x_wconf 88' lang='lat' dir='ltr'>tum</span> <span class='ocrx_word' id='word_1_414' title='bbox 722 3725 888 3774; x_wconf 88' lang='lat' dir='ltr'>corporis</span> <span class='ocrx_word' id='word_1_415' title='bbox 905 3726 1084 3765; x_wconf 87' lang='lat' dir='ltr'>velocitas</span> <span class='ocrx_word' id='word_1_416' title='bbox 1101 3733 1139 3764; x_wconf 84' lang='lat' dir='ltr'>et</span> 
     </span>
     <span class='ocr_line' id='line_1_54' title="bbox 100 3775 952 3831; baseline 0.006 -20"><span class='ocrx_word' id='word_1_417' title='bbox 100 3775 311 3815; x_wconf 84' lang='lat' dir='ltr'>resistentia</span> <span class='ocrx_word' id='word_1_418' title='bbox 328 3776 368 3815; x_wconf 91' lang='lat' dir='ltr'>in</span> <span class='ocrx_word' id='word_1_419' title='bbox 388 3777 481 3817; x_wconf 90' lang='lat' dir='ltr'>locis</span> <span class='ocrx_word' id='word_1_420' title='bbox 498 3778 662 3830; x_wconf 83' lang='lat' dir='ltr'>singulis</span> <span class='ocrx_word' id='word_1_421' title='bbox 677 3780 763 3831; x_wconf 88' lang='lat' dir='ltr'>(per</span> <span class='ocrx_word' id='word_1_422' title='bbox 779 3779 866 3817; x_wconf 87' lang='lat' dir='ltr'>Cor.</span> <span class='ocrx_word' id='word_1_423' title='bbox 891 3778 952 3829; x_wconf 85' lang='lat'>5.)</span> 
     </span>
    </p>
   </div>
   <div class='ocr_carea' id='block_1_17' title="bbox 1182 2056 2230 3830">
    <p class='ocr_par' dir='ltr' id='par_1_18' title="bbox 1183 2056 2230 3116">
     <span class='ocr_line' id='line_1_55' title="bbox 1190 2056 2230 2106; baseline -0.001 -10"><span class='ocrx_word' id='word_1_424' title='bbox 1190 2060 1260 2097; x_wconf 86' lang='lat' dir='ltr'>tim</span> <span class='ocrx_word' id='word_1_425' title='bbox 1275 2057 1527 2100; x_wconf 85' lang='lat' dir='ltr'>uniformiter,</span> <span class='ocrx_word' id='word_1_426' title='bbox 1549 2058 1686 2106; x_wconf 86' lang='lat' dir='ltr'>partim</span> <span class='ocrx_word' id='word_1_427' title='bbox 1705 2056 1744 2093; x_wconf 89' lang='lat' dir='ltr'>in</span> <span class='ocrx_word' id='word_1_428' title='bbox 1757 2057 1903 2094; x_wconf 89' lang='lat' dir='ltr'>ratione</span> <span class='ocrx_word' id='word_1_429' title='bbox 1918 2057 2138 2093; x_wconf 85' lang='lat' dir='ltr'>velocitatis.</span> <span class='ocrx_word' id='word_1_430' title='bbox 2174 2057 2230 2095; x_wconf 85' lang='lat' dir='ltr'>Et</span> 
     </span>
     <span class='ocr_line' id='line_1_56' title="bbox 1191 2109 2229 2163; baseline -0.002 -14"><span class='ocrx_word' id='word_1_431' title='bbox 1191 2112 1347 2163; x_wconf 89' lang='lat' dir='ltr'>quidem</span> <span class='ocrx_word' id='word_1_432' title='bbox 1366 2112 1397 2148; x_wconf 86' lang='lat' dir='ltr'>si</span> <span class='ocrx_word' id='word_1_433' title='bbox 1416 2123 1553 2158; x_wconf 86' lang='lat' dir='ltr'>corpus</span> <span class='ocrx_word' id='word_1_434' title='bbox 1571 2109 1651 2147; x_wconf 68' lang='lat' dir='ltr'>sola</span> <span class='ocrx_word' id='word_1_435' title='bbox 1670 2110 1705 2147; x_wconf 95' lang='lat' dir='ltr'>vi</span> <span class='ocrx_word' id='word_1_436' title='bbox 1726 2110 1837 2147; x_wconf 65' lang='lat' dir='ltr'>insita</span> <span class='ocrx_word' id='word_1_437' title='bbox 1856 2110 1899 2146; x_wconf 90' lang='lat' dir='ltr'>in</span> <span class='ocrx_word' id='word_1_438' title='bbox 1924 2111 1997 2146; x_wconf 89' lang='lat' dir='ltr'>hoc</span> <span class='ocrx_word' id='word_1_439' title='bbox 2024 2109 2152 2146; x_wconf 86' lang='lat' dir='ltr'>medio</span> <span class='ocrx_word' id='word_1_440' title='bbox 2171 2110 2229 2147; x_wconf 84' lang='lat' dir='ltr'>fe-</span> 
     </span>
     <span class='ocr_line' id='line_1_57' title="bbox 1191 2162 2227 2213; baseline -0.004 -11"><span class='ocrx_word' id='word_1_441' title='bbox 1191 2175 1311 2210; x_wconf 87' lang='lat' dir='ltr'>ratur,</span> <span class='ocrx_word' id='word_1_442' title='bbox 1342 2177 1429 2213; x_wconf 87' lang='lat' dir='ltr'>pars</span> <span class='ocrx_word' id='word_1_443' title='bbox 1459 2164 1525 2201; x_wconf 88' lang='lat' dir='ltr'>illa</span> <span class='ocrx_word' id='word_1_444' title='bbox 1555 2163 1777 2200; x_wconf 85' lang='lat' dir='ltr'>resistentiae</span> <span class='ocrx_word' id='word_1_445' title='bbox 1806 2173 1894 2212; x_wconf 84' lang='lat' dir='ltr'>quae</span> <span class='ocrx_word' id='word_1_446' title='bbox 1923 2170 1979 2199; x_wconf 89' lang='lat' dir='ltr'>est</span> <span class='ocrx_word' id='word_1_447' title='bbox 2011 2162 2227 2208; x_wconf 82' lang='lat' dir='ltr'>uniformis,</span> 
     </span>
     <span class='ocr_line' id='line_1_58' title="bbox 1189 2213 2228 2267; baseline -0.003 -12"><span class='ocrx_word' id='word_1_448' title='bbox 1189 2226 1372 2267; x_wconf 88' lang='lat' dir='ltr'>tanquam</span> <span class='ocrx_word' id='word_1_449' title='bbox 1410 2217 1465 2253; x_wconf 90' lang='lat' dir='ltr'>vis</span> <span class='ocrx_word' id='word_1_450' title='bbox 1501 2224 1678 2253; x_wconf 87' lang='lat' dir='ltr'>constans</span> <span class='ocrx_word' id='word_1_451' title='bbox 1713 2215 1908 2265; x_wconf 87' lang='lat' dir='ltr'>gravitatis</span> <span class='ocrx_word' id='word_1_452' title='bbox 1948 2213 2024 2264; x_wconf 70' lang='lat' dir='ltr'>qua</span> <span class='ocrx_word' id='word_1_453' title='bbox 2060 2216 2228 2263; x_wconf 84' lang='lat' dir='ltr'>corporis</span> 
     </span>
     <span class='ocr_line' id='line_1_59' title="bbox 1190 2267 2226 2312; baseline -0.004 -3"><span class='ocrx_word' id='word_1_454' title='bbox 1190 2269 1427 2309; x_wconf 85' lang='lat' dir='ltr'>ascendentis</span> <span class='ocrx_word' id='word_1_455' title='bbox 1444 2278 1574 2306; x_wconf 89' lang='lat' dir='ltr'>motus</span> <span class='ocrx_word' id='word_1_456' title='bbox 1600 2268 1821 2310; x_wconf 81' lang='lat' dir='ltr'>retardatur,</span> <span class='ocrx_word' id='word_1_457' title='bbox 1857 2267 2131 2305; x_wconf 86' lang='lat' dir='ltr'>consideranda</span> <span class='ocrx_word' id='word_1_458' title='bbox 2158 2276 2226 2312; x_wconf 91' lang='lat' dir='ltr'>est,</span> 
     </span>
     <span class='ocr_line' id='line_1_60' title="bbox 1191 2321 2229 2372; baseline -0.002 -11"><span class='ocrx_word' id='word_1_459' title='bbox 1191 2331 1229 2361; x_wconf 90' lang='lat' dir='ltr'>et</span> <span class='ocrx_word' id='word_1_460' title='bbox 1255 2324 1296 2360; x_wconf 91' lang='lat' dir='ltr'>in</span> <span class='ocrx_word' id='word_1_461' title='bbox 1323 2322 1580 2372; x_wconf 84' lang='lat' dir='ltr'>superioribus</span> <span class='ocrx_word' id='word_1_462' title='bbox 1601 2322 1947 2359; x_wconf 89' lang='lat' dir='ltr'>constructionibus</span> <span class='ocrx_word' id='word_1_463' title='bbox 1965 2333 2035 2371; x_wconf 88' lang='lat' dir='ltr'>pro</span> <span class='ocrx_word' id='word_1_464' title='bbox 2062 2321 2229 2368; x_wconf 88' lang='lat' dir='ltr'>corporis</span> 
     </span>
     <span class='ocr_line' id='line_1_61' title="bbox 1188 2374 2227 2425; baseline -0.003 -11"><span class='ocrx_word' id='word_1_465' title='bbox 1188 2389 1358 2422; x_wconf 82' lang='lat' dir='ltr'>ascensu,</span> <span class='ocrx_word' id='word_1_466' title='bbox 1380 2386 1457 2413; x_wconf 86' lang='lat' dir='ltr'>non</span> <span class='ocrx_word' id='word_1_467' title='bbox 1476 2375 1652 2425; x_wconf 77' lang='lat' dir='ltr'>gravitas,</span> <span class='ocrx_word' id='word_1_468' title='bbox 1682 2374 1750 2412; x_wconf 88' lang='lat' dir='ltr'>sed</span> <span class='ocrx_word' id='word_1_469' title='bbox 1777 2387 1823 2411; x_wconf 88' lang='lat' dir='ltr'>ea</span> <span class='ocrx_word' id='word_1_470' title='bbox 1849 2374 2060 2412; x_wconf 86' lang='lat' dir='ltr'>resistentia</span> <span class='ocrx_word' id='word_1_471' title='bbox 2078 2374 2227 2411; x_wconf 88' lang='lat' dir='ltr'>unifor-</span> 
     </span>
     <span class='ocr_line' id='line_1_62' title="bbox 1188 2427 2227 2477; baseline -0.004 -10"><span class='ocrx_word' id='word_1_472' title='bbox 1188 2430 1262 2467; x_wconf 88' lang='lat' dir='ltr'>mis</span> <span class='ocrx_word' id='word_1_473' title='bbox 1281 2429 1371 2466; x_wconf 86' lang='lat' dir='ltr'>data</span> <span class='ocrx_word' id='word_1_474' title='bbox 1396 2441 1464 2477; x_wconf 85' lang='lat' dir='ltr'>per</span> <span class='ocrx_word' id='word_1_475' title='bbox 1481 2428 1622 2465; x_wconf 89' lang='lat' dir='ltr'>lineam</span> <span class='ocrx_word' id='word_1_476' title='bbox 1645 2428 1683 2465; x_wconf 93' lang='lat' dir='ltr'>A</span> <span class='ocrx_word' id='word_1_477' title='bbox 1707 2428 1753 2472; x_wconf 89' lang='lat' dir='ltr'>C,</span> <span class='ocrx_word' id='word_1_478' title='bbox 1784 2427 1844 2465; x_wconf 91' lang='lat' dir='ltr'>vel</span> <span class='ocrx_word' id='word_1_479' title='bbox 1861 2440 1929 2476; x_wconf 88' lang='lat' dir='ltr'>per</span> <span class='ocrx_word' id='word_1_480' title='bbox 1956 2427 2227 2477; x_wconf 84' lang='lat' dir='ltr'>rectangulum</span> 
     </span>
     <span class='ocr_line' id='line_1_63' title="bbox 1194 2478 2229 2530; baseline -0.003 -10"><span class='ocrx_word' id='word_1_481' title='bbox 1194 2484 1231 2520; x_wconf 92' lang='lat' dir='ltr'>A</span> <span class='ocrx_word' id='word_1_482' title='bbox 1255 2483 1298 2519; x_wconf 95' lang='lat' dir='ltr'>H</span> <span class='ocrx_word' id='word_1_483' title='bbox 1320 2481 1457 2530; x_wconf 86' lang='lat' dir='ltr'>exponi</span> <span class='ocrx_word' id='word_1_484' title='bbox 1479 2478 1601 2518; x_wconf 90' lang='lat' dir='ltr'>debet.</span> <span class='ocrx_word' id='word_1_485' title='bbox 1664 2480 1702 2518; x_wconf 90' lang='lat' dir='ltr'>Si</span> <span class='ocrx_word' id='word_1_486' title='bbox 1722 2493 1811 2518; x_wconf 89' lang='lat' dir='ltr'>vero</span> <span class='ocrx_word' id='word_1_487' title='bbox 1829 2493 1968 2529; x_wconf 88' lang='lat' dir='ltr'>corpus</span> <span class='ocrx_word' id='word_1_488' title='bbox 1985 2480 2024 2517; x_wconf 90' lang='lat' dir='ltr'>in</span> <span class='ocrx_word' id='word_1_489' title='bbox 2045 2480 2229 2528; x_wconf 87' lang='lat' dir='ltr'>praedicto</span> 
     </span>
     <span class='ocr_line' id='line_1_64' title="bbox 1189 2533 2227 2585; baseline -0.002 -12"><span class='ocrx_word' id='word_1_490' title='bbox 1189 2535 1319 2573; x_wconf 88' lang='lat' dir='ltr'>medio</span> <span class='ocrx_word' id='word_1_491' title='bbox 1346 2536 1383 2572; x_wconf 91' lang='lat' dir='ltr'>vi</span> <span class='ocrx_word' id='word_1_492' title='bbox 1410 2534 1603 2585; x_wconf 87' lang='lat' dir='ltr'>gravitatis</span> <span class='ocrx_word' id='word_1_493' title='bbox 1630 2534 1746 2571; x_wconf 89' lang='lat' dir='ltr'>etiam</span> <span class='ocrx_word' id='word_1_494' title='bbox 1773 2541 1967 2583; x_wconf 86' lang='lat' dir='ltr'>urgeatur,</span> <span class='ocrx_word' id='word_1_495' title='bbox 1999 2533 2101 2570; x_wconf 89' lang='lat' dir='ltr'>linea</span> <span class='ocrx_word' id='word_1_496' title='bbox 2131 2534 2170 2570; x_wconf 89' lang='lat' dir='ltr'>A</span> <span class='ocrx_word' id='word_1_497' title='bbox 2194 2534 2227 2571; x_wconf 92' lang='lat' dir='ltr'>C</span> 
     </span>
     <span class='ocr_line' id='line_1_65' title="bbox 1190 2585 2228 2639; baseline -0.003 -14"><span class='ocrx_word' id='word_1_498' title='bbox 1190 2589 1414 2639; x_wconf 86' lang='lat' dir='ltr'>gravitatem</span> <span class='ocrx_word' id='word_1_499' title='bbox 1442 2595 1479 2625; x_wconf 88' lang='lat' dir='ltr'>et</span> <span class='ocrx_word' id='word_1_500' title='bbox 1505 2587 1727 2625; x_wconf 85' lang='lat' dir='ltr'>resistentiae</span> <span class='ocrx_word' id='word_1_501' title='bbox 1745 2595 1891 2635; x_wconf 89' lang='lat' dir='ltr'>partem</span> <span class='ocrx_word' id='word_1_502' title='bbox 1921 2585 2154 2623; x_wconf 86' lang='lat' dir='ltr'>uniformem</span> <span class='ocrx_word' id='word_1_503' title='bbox 2177 2587 2228 2623; x_wconf 89' lang='lat' dir='ltr'>si-</span> 
     </span>
     <span class='ocr_line' id='line_1_66' title="bbox 1189 2640 2228 2692; baseline -0.002 -14"><span class='ocrx_word' id='word_1_504' title='bbox 1189 2642 1272 2679; x_wconf 91' lang='lat' dir='ltr'>mul</span> <span class='ocrx_word' id='word_1_505' title='bbox 1286 2642 1450 2692; x_wconf 84' lang='lat' dir='ltr'>junctaS‚</span> <span class='ocrx_word' id='word_1_506' title='bbox 1471 2640 1501 2677; x_wconf 89' lang='lat' dir='ltr'>si</span> <span class='ocrx_word' id='word_1_507' title='bbox 1521 2652 1659 2688; x_wconf 87' lang='lat' dir='ltr'>corpus</span> <span class='ocrx_word' id='word_1_508' title='bbox 1673 2640 1854 2684; x_wconf 87' lang='lat' dir='ltr'>ascendit,</span> <span class='ocrx_word' id='word_1_509' title='bbox 1875 2647 1913 2677; x_wconf 89' lang='lat' dir='ltr'>et</span> <span class='ocrx_word' id='word_1_510' title='bbox 1927 2641 2125 2677; x_wconf 84' lang='lat' dir='ltr'>excessum</span> <span class='ocrx_word' id='word_1_511' title='bbox 2139 2651 2228 2688; x_wconf 87' lang='lat' dir='ltr'>gra-</span> 
     </span>
     <span class='ocr_line' id='line_1_67' title="bbox 1189 2692 2226 2743; baseline -0.003 -12"><span class='ocrx_word' id='word_1_512' title='bbox 1189 2695 1315 2732; x_wconf 85' lang='lat' dir='ltr'>vitatis</span> <span class='ocrx_word' id='word_1_513' title='bbox 1333 2707 1447 2743; x_wconf 87' lang='lat' dir='ltr'>supra</span> <span class='ocrx_word' id='word_1_514' title='bbox 1465 2706 1550 2730; x_wconf 90' lang='lat' dir='ltr'>eam</span> <span class='ocrx_word' id='word_1_515' title='bbox 1568 2692 1787 2730; x_wconf 86' lang='lat' dir='ltr'>resistentiae</span> <span class='ocrx_word' id='word_1_516' title='bbox 1814 2701 1961 2741; x_wconf 83' lang='lat' dir='ltr'>partem</span> <span class='ocrx_word' id='word_1_517' title='bbox 1979 2692 2226 2737; x_wconf 87' lang='lat' dir='ltr'>uniformem,</span> 
     </span>
     <span class='ocr_line' id='line_1_68' title="bbox 1189 2746 2227 2796; baseline -0.002 -12"><span class='ocrx_word' id='word_1_518' title='bbox 1189 2747 1221 2784; x_wconf 88' lang='lat' dir='ltr'>si</span> <span class='ocrx_word' id='word_1_519' title='bbox 1240 2760 1377 2796; x_wconf 88' lang='lat' dir='ltr'>corpus</span> <span class='ocrx_word' id='word_1_520' title='bbox 1404 2746 1609 2789; x_wconf 89' lang='lat' dir='ltr'>descendit,</span> <span class='ocrx_word' id='word_1_521' title='bbox 1644 2753 1819 2794; x_wconf 86' lang='lat' dir='ltr'>exponet.</span> <span class='ocrx_word' id='word_1_522' title='bbox 1883 2746 1973 2789; x_wconf 83' lang='lat' dir='ltr'>Qua</span> <span class='ocrx_word' id='word_1_523' title='bbox 1990 2746 2135 2781; x_wconf 87' lang='lat' dir='ltr'>ratione</span> <span class='ocrx_word' id='word_1_524' title='bbox 2153 2758 2227 2783; x_wconf 86' lang='lat' dir='ltr'>cae-</span> 
     </span>
     <span class='ocr_line' id='line_1_69' title="bbox 1189 2798 2227 2846; baseline -0.005 -8"><span class='ocrx_word' id='word_1_525' title='bbox 1189 2800 1278 2838; x_wconf 90' lang='lat' dir='ltr'>teris</span> <span class='ocrx_word' id='word_1_526' title='bbox 1305 2800 1561 2845; x_wconf 79' lang='lat' dir='ltr'>manentibus,</span> <span class='ocrx_word' id='word_1_527' title='bbox 1593 2798 1950 2837; x_wconf 88' lang='lat' dir='ltr'>determinabuntur</span> <span class='ocrx_word' id='word_1_528' title='bbox 1985 2806 2113 2846; x_wconf 83' lang='lat' dir='ltr'>motus</span> <span class='ocrx_word' id='word_1_529' title='bbox 2144 2810 2227 2834; x_wconf 88' lang='lat' dir='ltr'>cor-</span> 
     </span>
     <span class='ocr_line' id='line_1_70' title="bbox 1188 2850 2227 2902; baseline -0.004 -11"><span class='ocrx_word' id='word_1_530' title='bbox 1188 2853 1291 2902; x_wconf 90' lang='lat' dir='ltr'>poris</span> <span class='ocrx_word' id='word_1_531' title='bbox 1317 2861 1402 2891; x_wconf 89' lang='lat' dir='ltr'>tum</span> <span class='ocrx_word' id='word_1_532' title='bbox 1431 2852 1510 2890; x_wconf 73' lang='lat' dir='ltr'>sola</span> <span class='ocrx_word' id='word_1_533' title='bbox 1539 2852 1575 2889; x_wconf 90' lang='lat' dir='ltr'>vi</span> <span class='ocrx_word' id='word_1_534' title='bbox 1603 2851 1717 2889; x_wconf 69' lang='lat' dir='ltr'>insita</span> <span class='ocrx_word' id='word_1_535' title='bbox 1733 2851 1839 2894; x_wconf 90' lang='lat' dir='ltr'>moti,</span> <span class='ocrx_word' id='word_1_536' title='bbox 1873 2858 1960 2888; x_wconf 87' lang='lat' dir='ltr'>tum</span> <span class='ocrx_word' id='word_1_537' title='bbox 1979 2851 2015 2887; x_wconf 87' lang='lat' dir='ltr'>vi</span> <span class='ocrx_word' id='word_1_538' title='bbox 2033 2850 2227 2900; x_wconf 85' lang='lat' dir='ltr'>gravitatis</span> 
     </span>
     <span class='ocr_line' id='line_1_71' title="bbox 1192 2900 2228 2956; baseline -0.003 -13"><span class='ocrx_word' id='word_1_539' title='bbox 1192 2916 1355 2956; x_wconf 86' lang='lat' dir='ltr'>urgente</span> <span class='ocrx_word' id='word_1_540' title='bbox 1387 2900 1625 2943; x_wconf 87' lang='lat' dir='ltr'>ascendentis</span> <span class='ocrx_word' id='word_1_541' title='bbox 1656 2913 1695 2942; x_wconf 90' lang='lat' dir='ltr'>et</span> <span class='ocrx_word' id='word_1_542' title='bbox 1731 2903 1995 2942; x_wconf 82' lang='lat' dir='ltr'>descendentis</span> <span class='ocrx_word' id='word_1_543' title='bbox 2026 2903 2066 2939; x_wconf 92' lang='lat' dir='ltr'>in</span> <span class='ocrx_word' id='word_1_544' title='bbox 2099 2902 2228 2940; x_wconf 91' lang='lat' dir='ltr'>medio</span> 
     </span>
     <span class='ocr_line' id='line_1_72' title="bbox 1192 2956 2228 3009; baseline -0.004 -13"><span class='ocrx_word' id='word_1_545' title='bbox 1192 2958 1297 3009; x_wconf 89' lang='lat' dir='ltr'>quod</span> <span class='ocrx_word' id='word_1_546' title='bbox 1328 2958 1465 2997; x_wconf 87' lang='lat' dir='ltr'>resistit</span> <span class='ocrx_word' id='word_1_547' title='bbox 1500 2958 1641 3006; x_wconf 87' lang='lat' dir='ltr'>partim</span> <span class='ocrx_word' id='word_1_548' title='bbox 1676 2957 1717 2994; x_wconf 91' lang='lat' dir='ltr'>in</span> <span class='ocrx_word' id='word_1_549' title='bbox 1754 2957 1898 2995; x_wconf 86' lang='lat' dir='ltr'>ratione</span> <span class='ocrx_word' id='word_1_550' title='bbox 1939 2956 2040 2999; x_wconf 66' lang='lat' dir='ltr'>data,</span> <span class='ocrx_word' id='word_1_551' title='bbox 2088 2956 2228 3004; x_wconf 83' lang='lat' dir='ltr'>partim</span> 
     </span>
     <span class='ocr_line' id='line_1_73' title="bbox 1188 3008 2227 3058; baseline -0.004 -9"><span class='ocrx_word' id='word_1_552' title='bbox 1188 3012 1230 3049; x_wconf 92' lang='lat' dir='ltr'>in</span> <span class='ocrx_word' id='word_1_553' title='bbox 1258 3012 1403 3051; x_wconf 85' lang='lat' dir='ltr'>ratione</span> <span class='ocrx_word' id='word_1_554' title='bbox 1434 3011 1654 3058; x_wconf 84' lang='lat' dir='ltr'>velocitatis,</span> <span class='ocrx_word' id='word_1_555' title='bbox 1692 3019 1778 3048; x_wconf 86' lang='lat' dir='ltr'>tum</span> <span class='ocrx_word' id='word_1_556' title='bbox 1804 3010 1920 3047; x_wconf 84' lang='lat' dir='ltr'>etiam</span> <span class='ocrx_word' id='word_1_557' title='bbox 1946 3008 2112 3058; x_wconf 87' lang='lat' dir='ltr'>corporis</span> <span class='ocrx_word' id='word_1_558' title='bbox 2139 3021 2227 3057; x_wconf 89' lang='lat' dir='ltr'>pro-</span> 
     </span>
     <span class='ocr_line' id='line_1_74' title="bbox 1183 3064 1290 3116; baseline 0 -13"><span class='ocrx_word' id='word_1_559' title='bbox 1183 3064 1290 3116; x_wconf 85' lang='lat' dir='ltr'>jecti.</span> 
     </span>
    </p>

    <p class='ocr_par' dir='ltr' id='par_1_19' title="bbox 1189 3143 2226 3247">
     <span class='ocr_line' id='line_1_75' title="bbox 1244 3143 2226 3196; baseline -0.004 -12"><span class='ocrx_word' id='word_1_560' title='bbox 1244 3144 1300 3196; x_wconf 75' lang='lat'>(⁰)</span> <span class='ocrx_word' id='word_1_561' title='bbox 1331 3146 1487 3184; x_wconf 82' lang='lat' dir='ltr'>Etenim</span> <span class='ocrx_word' id='word_1_562' title='bbox 1505 3145 1661 3191; x_wconf 71' lang='lat' dir='ltr'>actione,</span> <span class='ocrx_word' id='word_1_563' title='bbox 1681 3144 1750 3182; x_wconf 82' lang='lat' dir='ltr'>&amp;c.</span> <span class='ocrx_word' id='word_1_564' title='bbox 1803 3143 1905 3181; x_wconf 89' lang='lat' dir='ltr'>Haec</span> <span class='ocrx_word' id='word_1_565' title='bbox 1918 3150 2049 3193; x_wconf 87' lang='lat' dir='ltr'>patent</span> <span class='ocrx_word' id='word_1_566' title='bbox 2067 3155 2134 3192; x_wconf 88' lang='lat' dir='ltr'>per</span> <span class='ocrx_word' id='word_1_567' title='bbox 2160 3144 2226 3181; x_wconf 88' lang='lat' dir='ltr'>de-</span> 
     </span>
     <span class='ocr_line' id='line_1_76' title="bbox 1189 3198 1496 3247; baseline 0 -12"><span class='ocrx_word' id='word_1_568' title='bbox 1189 3205 1400 3236; x_wconf 89' lang='lat' dir='ltr'>monstrata</span> <span class='ocrx_word' id='word_1_569' title='bbox 1420 3198 1496 3247; x_wconf 88' lang='grc'>(8).</span> 
     </span>
    </p>

    <p class='ocr_par' dir='ltr' id='par_1_20' title="bbox 1182 3249 2227 3830">
     <span class='ocr_line' id='line_1_77' title="bbox 1238 3249 2226 3300; baseline -0.003 -11"><span class='ocrx_word' id='word_1_570' title='bbox 1238 3256 1304 3290; x_wconf 84' lang='grc'>68.</span> <span class='ocrx_word' id='word_1_571' title='bbox 1352 3253 1551 3289; x_wconf 76' lang='lat' dir='ltr'>Scltolium.</span> <span class='ocrx_word' id='word_1_572' title='bbox 1609 3250 1672 3288; x_wconf 89' lang='lat' dir='ltr'>Ex</span> <span class='ocrx_word' id='word_1_573' title='bbox 1718 3249 1932 3300; x_wconf 88' lang='lat' dir='ltr'>aequatione</span> <span class='ocrx_word' id='word_1_574' title='bbox 1976 3249 2024 3287; x_wconf 90' lang='lat' dir='ltr'>ad</span> <span class='ocrx_word' id='word_1_575' title='bbox 2069 3261 2226 3287; x_wconf 83' lang='lat' dir='ltr'>curvam</span> 
     </span>
     <span class='ocr_line' id='line_1_78' title="bbox 1191 3302 2227 3353; baseline -0.003 -11"><span class='ocrx_word' id='word_1_576' title='bbox 1191 3304 1233 3342; x_wconf 93' lang='lat' dir='ltr'>D</span> <span class='ocrx_word' id='word_1_577' title='bbox 1252 3316 1270 3340; x_wconf 92' lang='lat' dir='ltr'>r</span> <span class='ocrx_word' id='word_1_578' title='bbox 1288 3317 1311 3342; x_wconf 89' lang='lat' dir='ltr'>a</span> <span class='ocrx_word' id='word_1_579' title='bbox 1332 3304 1376 3347; x_wconf 88' lang='lat' dir='ltr'>F,</span> <span class='ocrx_word' id='word_1_580' title='bbox 1408 3316 1524 3353; x_wconf 91' lang='lat' dir='ltr'>quam</span> <span class='ocrx_word' id='word_1_581' title='bbox 1554 3303 1642 3350; x_wconf 80' lang='lat'>(57)</span> <span class='ocrx_word' id='word_1_582' title='bbox 1672 3303 1900 3345; x_wconf 88' lang='lat' dir='ltr'>invenimus,</span> <span class='ocrx_word' id='word_1_583' title='bbox 1930 3302 2134 3341; x_wconf 87' lang='lat' dir='ltr'>deducitur</span> <span class='ocrx_word' id='word_1_584' title='bbox 2152 3304 2227 3339; x_wconf 86' lang='lat' dir='ltr'>hu·</span> 
     </span>
     <span class='ocr_line' id='line_1_79' title="bbox 1182 3355 2226 3408; baseline -0.004 -13"><span class='ocrx_word' id='word_1_585' title='bbox 1182 3358 1251 3408; x_wconf 86' lang='lat' dir='ltr'>jus</span> <span class='ocrx_word' id='word_1_586' title='bbox 1268 3369 1393 3394; x_wconf 90' lang='lat' dir='ltr'>curvae</span> <span class='ocrx_word' id='word_1_587' title='bbox 1413 3368 1480 3405; x_wconf 88' lang='lat' dir='ltr'>per</span> <span class='ocrx_word' id='word_1_588' title='bbox 1497 3355 1802 3406; x_wconf 88' lang='lat' dir='ltr'>logarithmicam</span> <span class='ocrx_word' id='word_1_589' title='bbox 1830 3356 1920 3393; x_wconf 85' lang='lat' dir='ltr'>satis</span> <span class='ocrx_word' id='word_1_590' title='bbox 1946 3355 2101 3406; x_wconf 88' lang='lat' dir='ltr'>elegans</span> <span class='ocrx_word' id='word_1_591' title='bbox 2132 3368 2226 3393; x_wconf 89' lang='lat' dir='ltr'>con-</span> 
     </span>
     <span class='ocr_line' id='line_1_80' title="bbox 1190 3408 2227 3459; baseline -0.005 -11"><span class='ocrx_word' id='word_1_592' title='bbox 1190 3410 1358 3453; x_wconf 82' lang='lat' dir='ltr'>structio,</span> <span class='ocrx_word' id='word_1_593' title='bbox 1389 3408 1465 3459; x_wconf 69' lang='lat' dir='ltr'>qua</span> <span class='ocrx_word' id='word_1_594' title='bbox 1482 3409 1543 3446; x_wconf 89' lang='lat' dir='ltr'>usi</span> <span class='ocrx_word' id='word_1_595' title='bbox 1563 3417 1653 3446; x_wconf 89' lang='lat' dir='ltr'>sunt</span> <span class='ocrx_word' id='word_1_596' title='bbox 1673 3408 1936 3459; x_wconf 88' lang='lat' dir='ltr'>Varignonius</span> <span class='ocrx_word' id='word_1_597' title='bbox 1962 3416 2000 3446; x_wconf 88' lang='lat' dir='ltr'>et</span> <span class='ocrx_word' id='word_1_598' title='bbox 2030 3409 2227 3446; x_wconf 85' lang='lat' dir='ltr'>Herman-</span> 
     </span>
     <span class='ocr_line' id='line_1_81' title="bbox 1190 3460 2227 3509; baseline -0.003 -9"><span class='ocrx_word' id='word_1_599' title='bbox 1190 3476 1276 3500; x_wconf 82' lang='lat' dir='ltr'>nus.</span> <span class='ocrx_word' id='word_1_600' title='bbox 1336 3463 1437 3499; x_wconf 89' lang='lat' dir='ltr'>Eam</span> <span class='ocrx_word' id='word_1_601' title='bbox 1465 3462 1527 3498; x_wconf 91' lang='lat' dir='ltr'>hic</span> <span class='ocrx_word' id='word_1_602' title='bbox 1563 3473 1800 3509; x_wconf 87' lang='lat' dir='ltr'>exponemus</span> <span class='ocrx_word' id='word_1_603' title='bbox 1836 3461 2008 3499; x_wconf 88' lang='lat' dir='ltr'>breviter.</span> <span class='ocrx_word' id='word_1_604' title='bbox 2072 3460 2227 3498; x_wconf 87' lang='lat' dir='ltr'>Deinde</span> 
     </span>
     <span class='ocr_line' id='line_1_82' title="bbox 1191 3513 2227 3563; baseline -0.006 -9"><span class='ocrx_word' id='word_1_605' title='bbox 1191 3528 1281 3554; x_wconf 90' lang='lat' dir='ltr'>cum</span> <span class='ocrx_word' id='word_1_606' title='bbox 1300 3515 1340 3552; x_wconf 89' lang='lat' dir='ltr'>in</span> <span class='ocrx_word' id='word_1_607' title='bbox 1359 3514 1562 3563; x_wconf 86' lang='lat' dir='ltr'>superioris</span> <span class='ocrx_word' id='word_1_608' title='bbox 1580 3514 1847 3562; x_wconf 86' lang='lat' dir='ltr'>propositionis</span> <span class='ocrx_word' id='word_1_609' title='bbox 1864 3514 2075 3552; x_wconf 88' lang='lat' dir='ltr'>Corollario</span> <span class='ocrx_word' id='word_1_610' title='bbox 2090 3513 2227 3550; x_wconf 88' lang='lat' dir='ltr'>ultimo</span> 
     </span>
     <span class='ocr_line' id='line_1_83' title="bbox 1190 3564 2226 3616; baseline -0.005 -11"><span class='ocrx_word' id='word_1_611' title='bbox 1190 3576 1230 3607; x_wconf 86' lang='lat' dir='ltr'>et</span> <span class='ocrx_word' id='word_1_612' title='bbox 1257 3567 1348 3606; x_wconf 88' lang='lat' dir='ltr'>alibi</span> <span class='ocrx_word' id='word_1_613' title='bbox 1381 3575 1513 3616; x_wconf 84' lang='lat' dir='ltr'>postea</span> <span class='ocrx_word' id='word_1_614' title='bbox 1543 3566 1791 3605; x_wconf 87' lang='lat' dir='ltr'>describenda</span> <span class='ocrx_word' id='word_1_615' title='bbox 1815 3568 1864 3605; x_wconf 89' lang='lat' dir='ltr'>sit</span> <span class='ocrx_word' id='word_1_616' title='bbox 1895 3579 2010 3605; x_wconf 82' lang='lat' dir='ltr'>curva</span> <span class='ocrx_word' id='word_1_617' title='bbox 2042 3564 2226 3615; x_wconf 84' lang='lat' dir='ltr'>regularis</span> 
     </span>
     <span class='ocr_line' id='line_1_84' title="bbox 1189 3619 2223 3670; baseline -0.007 -11"><span class='ocrx_word' id='word_1_618' title='bbox 1189 3633 1277 3670; x_wconf 87' lang='lat' dir='ltr'>quae</span> <span class='ocrx_word' id='word_1_619' title='bbox 1307 3633 1376 3670; x_wconf 89' lang='lat' dir='ltr'>per</span> <span class='ocrx_word' id='word_1_620' title='bbox 1404 3619 1492 3657; x_wconf 89' lang='lat' dir='ltr'>data</span> <span class='ocrx_word' id='word_1_621' title='bbox 1525 3628 1671 3669; x_wconf 88' lang='lat' dir='ltr'>puncta</span> <span class='ocrx_word' id='word_1_622' title='bbox 1700 3627 1879 3665; x_wconf 87' lang='lat' dir='ltr'>transeat,</span> <span class='ocrx_word' id='word_1_623' title='bbox 1916 3621 1989 3657; x_wconf 91' lang='lat' dir='ltr'>hoc</span> <span class='ocrx_word' id='word_1_624' title='bbox 2018 3620 2223 3667; x_wconf 79' lang='lat' dir='ltr'>problema,</span> 
     </span>
     <span class='ocr_line' id='line_1_85' title="bbox 1189 3672 2225 3724; baseline -0.007 -13"><span class='ocrx_word' id='word_1_625' title='bbox 1189 3673 1294 3724; x_wconf 88' lang='lat' dir='ltr'>quod</span> <span class='ocrx_word' id='word_1_626' title='bbox 1328 3674 1542 3711; x_wconf 86' lang='lat' dir='ltr'>Newtonus</span> <span class='ocrx_word' id='word_1_627' title='bbox 1571 3672 1613 3709; x_wconf 90' lang='lat' dir='ltr'>in</span> <span class='ocrx_word' id='word_1_628' title='bbox 1647 3672 1823 3721; x_wconf 66' lang='lat' dir='ltr'>Epistola</span> <span class='ocrx_word' id='word_1_629' title='bbox 1848 3672 1898 3711; x_wconf 88' lang='lat' dir='ltr'>ad</span> <span class='ocrx_word' id='word_1_630' title='bbox 1928 3672 2225 3719; x_wconf 84' lang='lat' dir='ltr'>Oldenburgum</span> 
     </span>
     <span class='ocr_line' id='line_1_86' title="bbox 1192 3721 2227 3774; baseline -0.006 -10"><span class='ocrx_word' id='word_1_631' title='bbox 1192 3739 1296 3764; x_wconf 89' lang='lat' dir='ltr'>anno</span> <span class='ocrx_word' id='word_1_632' title='bbox 1319 3730 1431 3764; x_wconf 88' lang='lat'><strong>1676.</strong></span> <span class='ocrx_word' id='word_1_633' title='bbox 1451 3725 1540 3763; x_wconf 71' lang='lat' dir='ltr'>data</span> <span class='ocrx_word' id='word_1_634' title='bbox 1558 3738 1683 3764; x_wconf 90' lang='lat' dir='ltr'>unum</span> <span class='ocrx_word' id='word_1_635' title='bbox 1696 3725 1777 3763; x_wconf 86' lang='lat' dir='ltr'>fere</span> <span class='ocrx_word' id='word_1_636' title='bbox 1795 3738 1841 3763; x_wconf 87' lang='lat' dir='ltr'>ex</span> <span class='ocrx_word' id='word_1_637' title='bbox 1856 3723 2121 3774; x_wconf 87' lang='lat' dir='ltr'>pulcherrimis</span> <span class='ocrx_word' id='word_1_638' title='bbox 2135 3721 2227 3759; x_wconf 88' lang='lat' dir='ltr'>dicit</span> 
     </span>
     <span class='ocr_line' id='line_1_87' title="bbox 1193 3778 1980 3830; baseline -0.006 -11"><span class='ocrx_word' id='word_1_639' title='bbox 1193 3778 1298 3830; x_wconf 88' lang='lat' dir='ltr'>quod</span> <span class='ocrx_word' id='word_1_640' title='bbox 1316 3778 1459 3818; x_wconf 87' lang='lat' dir='ltr'>solvere</span> <span class='ocrx_word' id='word_1_641' title='bbox 1477 3778 1758 3825; x_wconf 81' lang='lat' dir='ltr'>desideraverit,</span> <span class='ocrx_word' id='word_1_642' title='bbox 1778 3778 1980 3816; x_wconf 85' lang='lat' dir='ltr'>solvemus.</span> 
     </span>
    </p>
   </div>
  </div>
 </body>
</html>
