<?xml version="1.0" encoding="UTF-8"?>
<!DOCTYPE html PUBLIC "-//W3C//DTD XHTML 1.0 Transitional//EN"
    "http://www.w3.org/TR/xhtml1/DTD/xhtml1-transitional.dtd">
<html xmlns="http://www.w3.org/1999/xhtml" xml:lang="en" lang="en">
 <head>
  <title>
</title>
<meta http-equiv="Content-Type" content="text/html;charset=utf-8" />
  <meta name='ocr-system' content='tesseract 3.04.00' />
  <meta name='ocr-capabilities' content='ocr_page ocr_carea ocr_par ocr_line ocrx_word'/>
</head>
<body>
  <div class='ocr_page' id='page_1' title='image "./philonatrualprin02newtrich_0277.png"; bbox 0 0 2502 4192; ppageno 0'>
   <div class='ocr_carea' id='block_1_1' title="bbox 157 247 2307 314">
    <p class='ocr_par' dir='ltr' id='par_1_1' title="bbox 157 247 2307 314">
     <span class='ocr_line' id='line_1_1' title="bbox 157 247 2307 314; baseline -0 -9"><span class='ocrx_word' id='word_1_1' title='bbox 157 251 342 305; x_wconf 68' lang='lat' dir='ltr'>ann</span> <span class='ocrx_word' id='word_1_2' title='bbox 371 251 642 314; x_wconf 63' lang='lat' dir='ltr'>Sisenna]</span> <span class='ocrx_word' id='word_1_3' title='bbox 709 247 1112 303; x_wconf 88' lang='lat' dir='ltr'><strong>PRINCIPIA</strong></span> <span class='ocrx_word' id='word_1_4' title='bbox 1151 248 1770 303; x_wconf 88' lang='lat' dir='ltr'><strong>MATHEMATICA.</strong></span> <span class='ocrx_word' id='word_1_5' title='bbox 2204 257 2307 304; x_wconf 81' lang='grc'>265</span> 
     </span>
    </p>
   </div>
   <div class='ocr_carea' id='block_1_2' title="bbox 431 436 2018 535">
    <p class='ocr_par' dir='ltr' id='par_1_2' title="bbox 431 436 2018 535">
     <span class='ocr_line' id='line_1_2' title="bbox 431 436 2018 535; baseline -0.003 -1"><span class='ocrx_word' id='word_1_6' title='bbox 431 480 907 535; x_wconf 86' lang='lat' dir='ltr'>PROPOSITIO</span> <span class='ocrx_word' id='word_1_7' title='bbox 947 477 1165 534; x_wconf 88' lang='lat' dir='ltr'>XLIII.</span> <span class='ocrx_word' id='word_1_8' title='bbox 1243 436 2018 533; x_wconf 33' lang='lat' dir='ltr'><strong>THEOREMA&#39;XXXIV.</strong></span> 
     </span>
    </p>
   </div>
   <div class='ocr_carea' id='block_1_3' title="bbox 154 636 2300 805">
    <p class='ocr_par' dir='ltr' id='par_1_3' title="bbox 154 636 2300 805">
     <span class='ocr_line' id='line_1_3' title="bbox 154 636 2300 715; baseline -0.001 -17"><span class='ocrx_word' id='word_1_9' title='bbox 154 650 342 715; x_wconf 86' lang='lat' dir='ltr'>Corpus</span> <span class='ocrx_word' id='word_1_10' title='bbox 379 663 517 696; x_wconf 80' lang='lat' dir='ltr'>omne</span> <span class='ocrx_word' id='word_1_11' title='bbox 553 644 809 696; x_wconf 81' lang='lat' dir='ltr'>tremulum</span> <span class='ocrx_word' id='word_1_12' title='bbox 846 644 903 694; x_wconf 81' lang='lat' dir='ltr'>in</span> <span class='ocrx_word' id='word_1_13' title='bbox 940 643 1100 694; x_wconf 82' lang='lat' dir='ltr'>medio</span> <span class='ocrx_word' id='word_1_14' title='bbox 1137 643 1339 694; x_wconf 81' lang='lat' dir='ltr'>elastico</span> <span class='ocrx_word' id='word_1_15' title='bbox 1372 641 1688 710; x_wconf 76' lang='lat' dir='ltr'><em>propagabit</em></span> <span class='ocrx_word' id='word_1_16' title='bbox 1727 648 1905 691; x_wconf 81' lang='lat' dir='ltr'>motum</span> <span class='ocrx_word' id='word_1_17' title='bbox 1939 636 2171 707; x_wconf 77' lang='lat' dir='ltr'>pulsuum</span> <span class='ocrx_word' id='word_1_18' title='bbox 2208 661 2300 695; x_wconf 83' lang='lat' dir='ltr'>un-</span> 
     </span>
     <span class='ocr_line' id='line_1_4' title="bbox 221 729 2299 805; baseline -0.002 -14"><span class='ocrx_word' id='word_1_19' title='bbox 221 741 366 805; x_wconf 79' lang='lat' dir='ltr'>dique</span> <span class='ocrx_word' id='word_1_20' title='bbox 406 738 459 787; x_wconf 75' lang='lat' dir='ltr'>in</span> <span class='ocrx_word' id='word_1_21' title='bbox 497 737 733 788; x_wconf 80' lang='lat' dir='ltr'>directum</span> <span class='ocrx_word' id='word_1_22' title='bbox 749 763 768 793; x_wconf 90' lang='lat'>,·</span> <span class='ocrx_word' id='word_1_23' title='bbox 816 735 871 784; x_wconf 80' lang='lat' dir='ltr'>in</span> <span class='ocrx_word' id='word_1_24' title='bbox 907 734 1066 784; x_wconf 82' lang='lat' dir='ltr'>medio</span> <span class='ocrx_word' id='word_1_25' title='bbox 1106 730 1219 785; x_wconf 76' lang='lat' dir='ltr'>vero</span> <span class='ocrx_word' id='word_1_26' title='bbox 1255 750 1356 784; x_wconf 78' lang='lat' dir='ltr'>non</span> <span class='ocrx_word' id='word_1_27' title='bbox 1391 734 1595 784; x_wconf 83' lang='lat' dir='ltr'>elastico</span> <span class='ocrx_word' id='word_1_28' title='bbox 1629 739 1808 783; x_wconf 82' lang='lat' dir='ltr'>motum</span> <span class='ocrx_word' id='word_1_29' title='bbox 1845 729 2132 783; x_wconf 82' lang='lat' dir='ltr'>circularem</span> <span class='ocrx_word' id='word_1_30' title='bbox 2171 736 2299 786; x_wconf 79' lang='lat' dir='ltr'>exci-</span> 
     </span>
    </p>
   </div>
   <div class='ocr_carea' id='block_1_4' title="bbox 220 831 364 882">
    <p class='ocr_par' dir='ltr' id='par_1_4' title="bbox 220 831 364 882">
     <span class='ocr_line' id='line_1_5' title="bbox 220 831 364 882; baseline -0.014 0"><span class='ocrx_word' id='word_1_31' title='bbox 220 831 364 882; x_wconf 78' lang='lat' dir='ltr'>tabit.</span> 
     </span>
    </p>
   </div>
   <div class='ocr_carea' id='block_1_5' title="bbox 75 968 2305 2842">
    <p class='ocr_par' dir='ltr' id='par_1_5' title="bbox 75 968 2305 2842">
     <span class='ocr_line' id='line_1_6' title="bbox 222 968 2295 1040; baseline -0.002 -14"><span class='ocrx_word' id='word_1_32' title='bbox 222 975 334 1026; x_wconf 83' lang='lat' dir='ltr'>Cas.</span> <span class='ocrx_word' id='word_1_33' title='bbox 365 979 411 1025; x_wconf 90' lang='lat'>1.</span> <span class='ocrx_word' id='word_1_34' title='bbox 453 971 591 1024; x_wconf 89' lang='lat' dir='ltr'>Nam</span> <span class='ocrx_word' id='word_1_35' title='bbox 615 979 789 1040; x_wconf 86' lang='lat' dir='ltr'>partes</span> <span class='ocrx_word' id='word_1_36' title='bbox 816 969 1049 1039; x_wconf 86' lang='lat' dir='ltr'>corporis</span> <span class='ocrx_word' id='word_1_37' title='bbox 1076 970 1284 1023; x_wconf 83' lang='lat' dir='ltr'>tremuli</span> <span class='ocrx_word' id='word_1_38' title='bbox 1300 969 1498 1021; x_wconf 87' lang='lat' dir='ltr'>vicibus</span> <span class='ocrx_word' id='word_1_39' title='bbox 1516 969 1728 1022; x_wconf 84' lang='lat' dir='ltr'><strong>alternis</strong></span> <span class='ocrx_word' id='word_1_40' title='bbox 1746 968 1919 1021; x_wconf 88' lang='lat' dir='ltr'>eundo</span> <span class='ocrx_word' id='word_1_41' title='bbox 1940 978 1992 1021; x_wconf 89' lang='lat' dir='ltr'>et</span> <span class='ocrx_word' id='word_1_42' title='bbox 2007 969 2295 1032; x_wconf 86' lang='lat' dir='ltr'>redeundO,</span> 
     </span>
     <span class='ocr_line' id='line_1_7' title="bbox 146 1058 2298 1133; baseline -0.002 -19"><span class='ocrx_word' id='word_1_43' title='bbox 146 1062 224 1114; x_wconf 90' lang='lat' dir='ltr'>itu</span> <span class='ocrx_word' id='word_1_44' title='bbox 260 1081 353 1114; x_wconf 88' lang='lat' dir='ltr'>suo</span> <span class='ocrx_word' id='word_1_45' title='bbox 390 1062 652 1133; x_wconf 90' lang='lat' dir='ltr'>urgebunt</span> <span class='ocrx_word' id='word_1_46' title='bbox 686 1070 737 1112; x_wconf 90' lang='lat' dir='ltr'>et</span> <span class='ocrx_word' id='word_1_47' title='bbox 765 1059 1061 1129; x_wconf 77' lang='lat' dir='ltr'>propellant</span> <span class='ocrx_word' id='word_1_48' title='bbox 1096 1069 1270 1128; x_wconf 90' lang='lat' dir='ltr'>partes</span> <span class='ocrx_word' id='word_1_49' title='bbox 1307 1058 1467 1110; x_wconf 87' lang='lat' dir='ltr'>medii</span> <span class='ocrx_word' id='word_1_50' title='bbox 1505 1058 1601 1110; x_wconf 89' lang='lat' dir='ltr'>sibi</span> <span class='ocrx_word' id='word_1_51' title='bbox 1637 1058 1921 1127; x_wconf 83' lang='lat' dir='ltr'>proximaS,</span> <span class='ocrx_word' id='word_1_52' title='bbox 1968 1067 2020 1109; x_wconf 92' lang='lat' dir='ltr'>et</span> <span class='ocrx_word' id='word_1_53' title='bbox 2057 1058 2298 1130; x_wconf 86' lang='lat' dir='ltr'>urgendo</span> 
     </span>
     <span class='ocr_line' id='line_1_8' title="bbox 146 1147 2296 1221; baseline -0.001 -18"><span class='ocrx_word' id='word_1_54' title='bbox 146 1152 491 1221; x_wconf 82' lang='lat' dir='ltr'>compriment</span> <span class='ocrx_word' id='word_1_55' title='bbox 516 1151 724 1203; x_wconf 83' lang='lat' dir='ltr'>easdem</span> <span class='ocrx_word' id='word_1_56' title='bbox 751 1160 802 1202; x_wconf 92' lang='lat' dir='ltr'>et</span> <span class='ocrx_word' id='word_1_57' title='bbox 827 1149 1222 1202; x_wconf 89' lang='lat' dir='ltr'>condensabunt</span> <span class='ocrx_word' id='word_1_58' title='bbox 1237 1169 1251 1212; x_wconf 74' lang='grc' dir='ltr'><strong><em>ς</em></strong></span> <span class='ocrx_word' id='word_1_59' title='bbox 1290 1148 1412 1200; x_wconf 92' lang='lat' dir='ltr'>dein</span> <span class='ocrx_word' id='word_1_60' title='bbox 1437 1148 1608 1200; x_wconf 91' lang='lat' dir='ltr'>reditu</span> <span class='ocrx_word' id='word_1_61' title='bbox 1636 1167 1730 1201; x_wconf 93' lang='lat' dir='ltr'>suo</span> <span class='ocrx_word' id='word_1_62' title='bbox 1757 1147 1929 1201; x_wconf 88' lang='lat' dir='ltr'>sinent</span> <span class='ocrx_word' id='word_1_63' title='bbox 1952 1158 2127 1217; x_wconf 89' lang='lat' dir='ltr'>partes</span> <span class='ocrx_word' id='word_1_64' title='bbox 2153 1167 2296 1201; x_wconf 89' lang='lat' dir='ltr'>com-</span> 
     </span>
     <span class='ocr_line' id='line_1_9' title="bbox 144 1237 2299 1310; baseline -0.001 -18"><span class='ocrx_word' id='word_1_65' title='bbox 144 1259 345 1310; x_wconf 87' lang='lat' dir='ltr'>pressas</span> <span class='ocrx_word' id='word_1_66' title='bbox 371 1240 614 1292; x_wconf 81' lang='lat' dir='ltr'>recedere</span> <span class='ocrx_word' id='word_1_67' title='bbox 641 1250 693 1292; x_wconf 90' lang='lat' dir='ltr'>et</span> <span class='ocrx_word' id='word_1_68' title='bbox 718 1258 830 1291; x_wconf 89' lang='lat' dir='ltr'>sese</span> <span class='ocrx_word' id='word_1_69' title='bbox 856 1238 1169 1308; x_wconf 84' lang='lat' dir='ltr'>expandere.</span> <span class='ocrx_word' id='word_1_70' title='bbox 1246 1238 1416 1309; x_wconf 81' lang='lat' dir='ltr'>Igitur</span> <span class='ocrx_word' id='word_1_71' title='bbox 1437 1247 1612 1307; x_wconf 88' lang='lat' dir='ltr'>partes</span> <span class='ocrx_word' id='word_1_72' title='bbox 1637 1237 1797 1289; x_wconf 90' lang='lat' dir='ltr'>medii</span> <span class='ocrx_word' id='word_1_73' title='bbox 1823 1237 2036 1306; x_wconf 87' lang='lat' dir='ltr'>corpori</span> <span class='ocrx_word' id='word_1_74' title='bbox 2072 1238 2299 1289; x_wconf 90' lang='lat' dir='ltr'>tremulo</span> 
     </span>
     <span class='ocr_line' id='line_1_10' title="bbox 143 1326 2290 1398; baseline -0.001 -18"><span class='ocrx_word' id='word_1_75' title='bbox 143 1330 398 1398; x_wconf 80' lang='lat' dir='ltr'>proximae</span> <span class='ocrx_word' id='word_1_76' title='bbox 423 1329 574 1380; x_wconf 90' lang='lat' dir='ltr'>ibunt</span> <span class='ocrx_word' id='word_1_77' title='bbox 599 1337 651 1380; x_wconf 85' lang='lat' dir='ltr'>et</span> <span class='ocrx_word' id='word_1_78' title='bbox 675 1327 918 1379; x_wconf 90' lang='lat' dir='ltr'>redibunt</span> <span class='ocrx_word' id='word_1_79' title='bbox 941 1346 1038 1396; x_wconf 91' lang='lat' dir='ltr'>per</span> <span class='ocrx_word' id='word_1_80' title='bbox 1062 1327 1216 1389; x_wconf 90' lang='lat' dir='ltr'>vices,</span> <span class='ocrx_word' id='word_1_81' title='bbox 1246 1326 1313 1377; x_wconf 89' lang='lat' dir='ltr'>ad</span> <span class='ocrx_word' id='word_1_82' title='bbox 1338 1326 1500 1377; x_wconf 88' lang='lat' dir='ltr'>instar</span> <span class='ocrx_word' id='word_1_83' title='bbox 1518 1326 1746 1394; x_wconf 87' lang='lat' dir='ltr'>partium</span> <span class='ocrx_word' id='word_1_84' title='bbox 1764 1326 1995 1394; x_wconf 87' lang='lat' dir='ltr'>corporis</span> <span class='ocrx_word' id='word_1_85' title='bbox 2021 1326 2158 1378; x_wconf 89' lang='lat' dir='ltr'>illius</span> <span class='ocrx_word' id='word_1_86' title='bbox 2185 1336 2290 1378; x_wconf 91' lang='lat' dir='ltr'>tre-</span> 
     </span>
     <span class='ocr_line' id='line_1_11' title="bbox 143 1416 2293 1488; baseline -0.001 -18"><span class='ocrx_word' id='word_1_87' title='bbox 143 1419 300 1470; x_wconf 87' lang='lat' dir='ltr'>muli:</span> <span class='ocrx_word' id='word_1_88' title='bbox 342 1428 393 1471; x_wconf 90' lang='lat' dir='ltr'>et</span> <span class='ocrx_word' id='word_1_89' title='bbox 419 1417 519 1488; x_wconf 70' lang='lat' dir='ltr'>qua</span> <span class='ocrx_word' id='word_1_90' title='bbox 546 1418 746 1470; x_wconf 90' lang='lat' dir='ltr'>ratione</span> <span class='ocrx_word' id='word_1_91' title='bbox 770 1428 943 1487; x_wconf 89' lang='lat' dir='ltr'>partes</span> <span class='ocrx_word' id='word_1_92' title='bbox 971 1417 1203 1486; x_wconf 90' lang='lat' dir='ltr'>corporis</span> <span class='ocrx_word' id='word_1_93' title='bbox 1241 1416 1397 1486; x_wconf 88' lang='lat' dir='ltr'>hujus</span> <span class='ocrx_word' id='word_1_94' title='bbox 1435 1417 1702 1488; x_wconf 80' lang='lat' dir='ltr'>agitabant</span> <span class='ocrx_word' id='word_1_95' title='bbox 1738 1417 1893 1468; x_wconf 88' lang='lat' dir='ltr'>h&#39;asce</span> <span class='ocrx_word' id='word_1_96' title='bbox 1919 1417 2078 1469; x_wconf 87' lang='lat' dir='ltr'>medii</span> <span class='ocrx_word' id='word_1_97' title='bbox 2102 1427 2293 1486; x_wconf 84' lang='lat' dir='ltr'>partes,</span> 
     </span>
     <span class='ocr_line' id='line_1_12' title="bbox 143 1504 2302 1577; baseline -0 -19"><span class='ocrx_word' id='word_1_98' title='bbox 143 1507 229 1558; x_wconf 86' lang='lat' dir='ltr'>hae</span> <span class='ocrx_word' id='word_1_99' title='bbox 274 1506 524 1558; x_wconf 87' lang='lat' dir='ltr'>similibus</span> <span class='ocrx_word' id='word_1_100' title='bbox 562 1505 883 1558; x_wconf 41' lang='lat' dir='ltr'>tremoribus*</span> <span class='ocrx_word' id='word_1_101' title='bbox 914 1506 1121 1577; x_wconf 79' lang='lat' dir='ltr'>agitatae</span> <span class='ocrx_word' id='word_1_102' title='bbox 1160 1504 1432 1576; x_wconf 88' lang='lat' dir='ltr'>agitabunt</span> <span class='ocrx_word' id='word_1_103' title='bbox 1467 1505 1642 1573; x_wconf 86' lang='lat' dir='ltr'>partes</span> <span class='ocrx_word' id='word_1_104' title='bbox 1669 1505 1766 1556; x_wconf 89' lang='lat' dir='ltr'>sibi</span> <span class='ocrx_word' id='word_1_105' title='bbox 1798 1506 2082 1574; x_wconf 82' lang='lat' dir='ltr'>proximas,</span> <span class='ocrx_word' id='word_1_106' title='bbox 2123 1524 2302 1576; x_wconf 81' lang='lat' dir='ltr'>eaeque</span> 
     </span>
     <span class='ocr_line' id='line_1_13' title="bbox 145 1593 2304 1666; baseline -0.001 -18"><span class='ocrx_word' id='word_1_107' title='bbox 145 1596 378 1649; x_wconf 90' lang='lat' dir='ltr'>similiter</span> <span class='ocrx_word' id='word_1_108' title='bbox 414 1595 621 1666; x_wconf 80' lang='lat' dir='ltr'>agitatae</span> <span class='ocrx_word' id='word_1_109' title='bbox 659 1595 930 1666; x_wconf 88' lang='lat' dir='ltr'>agitabunt</span> <span class='ocrx_word' id='word_1_110' title='bbox 966 1594 1255 1657; x_wconf 82' lang='lat' dir='ltr'>ulterioreS,</span> <span class='ocrx_word' id='word_1_111' title='bbox 1299 1602 1350 1645; x_wconf 91' lang='lat' dir='ltr'>et</span> <span class='ocrx_word' id='word_1_112' title='bbox 1387 1594 1460 1645; x_wconf 91' lang='lat' dir='ltr'>sic</span> <span class='ocrx_word' id='word_1_113' title='bbox 1497 1593 1742 1662; x_wconf 87' lang='lat' dir='ltr'>deinceps</span> <span class='ocrx_word' id='word_1_114' title='bbox 1780 1594 1835 1644; x_wconf 91' lang='lat' dir='ltr'>in</span> <span class='ocrx_word' id='word_1_115' title='bbox 1873 1593 2152 1646; x_wconf 88' lang='lat' dir='ltr'>infinitum.</span> <span class='ocrx_word' id='word_1_116' title='bbox 2232 1595 2304 1646; x_wconf 89' lang='lat' dir='ltr'>Et</span> 
     </span>
     <span class='ocr_line' id='line_1_14' title="bbox 143 1682 2301 1756; baseline -0.002 -18"><span class='ocrx_word' id='word_1_117' title='bbox 143 1685 584 1756; x_wconf 88' lang='lat' dir='ltr'>quemadmodum</span> <span class='ocrx_word' id='word_1_118' title='bbox 619 1684 779 1736; x_wconf 91' lang='lat' dir='ltr'>medii</span> <span class='ocrx_word' id='word_1_119' title='bbox 803 1693 976 1753; x_wconf 88' lang='lat' dir='ltr'>partes</span> <span class='ocrx_word' id='word_1_120' title='bbox 1002 1684 1188 1753; x_wconf 87' lang='lat' dir='ltr'>primae</span> <span class='ocrx_word' id='word_1_121' title='bbox 1214 1682 1387 1734; x_wconf 91' lang='lat' dir='ltr'>eundo</span> <span class='ocrx_word' id='word_1_122' title='bbox 1425 1682 1811 1734; x_wconf 87' lang='lat' dir='ltr'>condensantur</span> <span class='ocrx_word' id='word_1_123' title='bbox 1837 1691 1888 1734; x_wconf 90' lang='lat' dir='ltr'>et</span> <span class='ocrx_word' id='word_1_124' title='bbox 1912 1682 2185 1734; x_wconf 88' lang='lat' dir='ltr'>redeundo</span> <span class='ocrx_word' id='word_1_125' title='bbox 2221 1702 2301 1735; x_wconf 89' lang='lat' dir='ltr'>re-</span> 
     </span>
     <span class='ocr_line' id='line_1_15' title="bbox 75 1771 2301 1843; baseline -0.002 -17"><span class='ocrx_word' id='word_1_126' title='bbox 75 1773 79 1777; x_wconf 39' lang='lat'><em>*</em></span> <span class='ocrx_word' id='word_1_127' title='bbox 141 1775 400 1839; x_wconf 86' lang='lat' dir='ltr'>laxantur,</span> <span class='ocrx_word' id='word_1_128' title='bbox 442 1775 513 1825; x_wconf 91' lang='lat' dir='ltr'>sic</span> <span class='ocrx_word' id='word_1_129' title='bbox 551 1783 725 1842; x_wconf 88' lang='lat' dir='ltr'>partes</span> <span class='ocrx_word' id='word_1_130' title='bbox 751 1773 966 1843; x_wconf 85' lang='lat' dir='ltr'>reliquae</span> <span class='ocrx_word' id='word_1_131' title='bbox 993 1773 1193 1842; x_wconf 89' lang='lat' dir='ltr'>quoties</span> <span class='ocrx_word' id='word_1_132' title='bbox 1220 1782 1345 1823; x_wconf 90' lang='lat' dir='ltr'>eunt</span> <span class='ocrx_word' id='word_1_133' title='bbox 1370 1771 1846 1834; x_wconf 82' lang='lat' dir='ltr'>condensabuntur,</span> <span class='ocrx_word' id='word_1_134' title='bbox 1889 1781 1941 1823; x_wconf 90' lang='lat' dir='ltr'>et</span> <span class='ocrx_word' id='word_1_135' title='bbox 1978 1772 2179 1841; x_wconf 88' lang='lat' dir='ltr'>quoties</span> <span class='ocrx_word' id='word_1_136' title='bbox 2218 1790 2301 1823; x_wconf 91' lang='lat' dir='ltr'>re-</span> 
     </span>
     <span class='ocr_line' id='line_1_16' title="bbox 142 1861 2300 1933; baseline -0.002 -16"><span class='ocrx_word' id='word_1_137' title='bbox 142 1865 306 1917; x_wconf 90' lang='lat' dir='ltr'>deunt</span> <span class='ocrx_word' id='word_1_138' title='bbox 344 1885 454 1917; x_wconf 91' lang='lat' dir='ltr'>sese</span> <span class='ocrx_word' id='word_1_139' title='bbox 491 1864 806 1933; x_wconf 86' lang='lat' dir='ltr'>expandent.</span> <span class='ocrx_word' id='word_1_140' title='bbox 885 1864 954 1915; x_wconf 89' lang='lat' dir='ltr'>Et</span> <span class='ocrx_word' id='word_1_141' title='bbox 978 1873 1256 1932; x_wconf 87' lang='lat' dir='ltr'>propterea</span> <span class='ocrx_word' id='word_1_142' title='bbox 1280 1881 1388 1913; x_wconf 91' lang='lat' dir='ltr'>non</span> <span class='ocrx_word' id='word_1_143' title='bbox 1414 1880 1594 1913; x_wconf 89' lang='lat' dir='ltr'>omnes</span> <span class='ocrx_word' id='word_1_144' title='bbox 1621 1862 1770 1912; x_wconf 91' lang='lat' dir='ltr'>ibunt</span> <span class='ocrx_word' id='word_1_145' title='bbox 1796 1870 1847 1912; x_wconf 89' lang='lat' dir='ltr'>et</span> <span class='ocrx_word' id='word_1_146' title='bbox 1874 1861 2026 1912; x_wconf 90' lang='lat' dir='ltr'>simul</span> <span class='ocrx_word' id='word_1_147' title='bbox 2053 1861 2300 1913; x_wconf 90' lang='lat' dir='ltr'>redibunt</span> 
     </span>
     <span class='ocr_line' id='line_1_17' title="bbox 144 1950 2305 2024; baseline -0.001 -18"><span class='ocrx_word' id='word_1_148' title='bbox 144 1955 238 2024; x_wconf 89' lang='lat' dir='ltr'>(sic</span> <span class='ocrx_word' id='word_1_149' title='bbox 278 1955 417 2006; x_wconf 91' lang='lat' dir='ltr'>enim</span> <span class='ocrx_word' id='word_1_150' title='bbox 455 1954 821 2005; x_wconf 90' lang='lat' dir='ltr'>determinatas</span> <span class='ocrx_word' id='word_1_151' title='bbox 848 1953 913 2004; x_wconf 88' lang='lat' dir='ltr'>ab</span> <span class='ocrx_word' id='word_1_152' title='bbox 939 1953 1160 2004; x_wconf 89' lang='lat' dir='ltr'>invicem</span> <span class='ocrx_word' id='word_1_153' title='bbox 1186 1952 1452 2004; x_wconf 85' lang='lat' dir='ltr'>distantias</span> <span class='ocrx_word' id='word_1_154' title='bbox 1479 1950 1748 2013; x_wconf 83' lang='lat' dir='ltr'>servando,</span> <span class='ocrx_word' id='word_1_155' title='bbox 1788 1968 1897 2001; x_wconf 91' lang='lat' dir='ltr'>non</span> <span class='ocrx_word' id='word_1_156' title='bbox 1923 1952 2229 2002; x_wconf 88' lang='lat' dir='ltr'>rarefierent</span> <span class='ocrx_word' id='word_1_157' title='bbox 2255 1964 2305 2003; x_wconf 85' lang='lat' dir='ltr'>et</span> 
     </span>
     <span class='ocr_line' id='line_1_18' title="bbox 142 2039 2304 2111; baseline -0.001 -17"><span class='ocrx_word' id='word_1_158' title='bbox 142 2045 585 2095; x_wconf 87' lang='lat' dir='ltr'>condensarentur</span> <span class='ocrx_word' id='word_1_159' title='bbox 610 2061 706 2111; x_wconf 86' lang='lat' dir='ltr'>per</span> <span class='ocrx_word' id='word_1_160' title='bbox 731 2041 888 2106; x_wconf 88' lang='lat' dir='ltr'>vices)</span> <span class='ocrx_word' id='word_1_161' title='bbox 918 2041 1010 2092; x_wconf 88' lang='lat' dir='ltr'>sed</span> <span class='ocrx_word' id='word_1_162' title='bbox 1036 2040 1334 2092; x_wconf 88' lang='lat' dir='ltr'>accedendo</span> <span class='ocrx_word' id='word_1_163' title='bbox 1361 2040 1426 2091; x_wconf 91' lang='lat' dir='ltr'>ab</span> <span class='ocrx_word' id='word_1_164' title='bbox 1452 2040 1675 2091; x_wconf 85' lang='lat' dir='ltr'>invicem</span> <span class='ocrx_word' id='word_1_165' title='bbox 1699 2039 1791 2091; x_wconf 91' lang='lat' dir='ltr'>ubi</span> <span class='ocrx_word' id='word_1_166' title='bbox 1817 2039 2221 2103; x_wconf 77' lang='lat' dir='ltr'>condensantur,</span> <span class='ocrx_word' id='word_1_167' title='bbox 2252 2052 2304 2093; x_wconf 90' lang='lat' dir='ltr'>et</span> 
     </span>
     <span class='ocr_line' id='line_1_19' title="bbox 141 2130 2304 2202; baseline -0.001 -16"><span class='ocrx_word' id='word_1_168' title='bbox 141 2133 435 2187; x_wconf 89' lang='lat' dir='ltr'>recedendo</span> <span class='ocrx_word' id='word_1_169' title='bbox 461 2134 552 2185; x_wconf 92' lang='lat' dir='ltr'>ubi</span> <span class='ocrx_word' id='word_1_170' title='bbox 578 2133 844 2195; x_wconf 88' lang='lat' dir='ltr'>rarefiunt‚</span> <span class='ocrx_word' id='word_1_171' title='bbox 887 2131 941 2202; x_wconf 77' lang='lat' dir='ltr'>(f)</span> <span class='ocrx_word' id='word_1_172' title='bbox 970 2132 1156 2202; x_wconf 89' lang='lat' dir='ltr'>aliquae</span> <span class='ocrx_word' id='word_1_173' title='bbox 1182 2150 1362 2184; x_wconf 88' lang='lat' dir='ltr'>earum</span> <span class='ocrx_word' id='word_1_174' title='bbox 1387 2132 1538 2183; x_wconf 90' lang='lat' dir='ltr'>ibunt</span> <span class='ocrx_word' id='word_1_175' title='bbox 1563 2131 1689 2182; x_wconf 91' lang='lat' dir='ltr'>dum</span> <span class='ocrx_word' id='word_1_176' title='bbox 1716 2130 1830 2181; x_wconf 90' lang='lat' dir='ltr'>aliae</span> <span class='ocrx_word' id='word_1_177' title='bbox 1856 2131 2078 2183; x_wconf 88' lang='lat' dir='ltr'>redeunt</span> <span class='ocrx_word' id='word_1_178' title='bbox 2092 2151 2106 2193; x_wconf 89' lang='lat'>;</span> <span class='ocrx_word' id='word_1_179' title='bbox 2148 2131 2304 2202; x_wconf 83' lang='lat' dir='ltr'>idque</span> 
     </span>
     <span class='ocr_line' id='line_1_20' title="bbox 141 2222 2300 2288; baseline -0.001 -11"><span class='ocrx_word' id='word_1_180' title='bbox 141 2226 338 2277; x_wconf 88' lang='lat' dir='ltr'>vicibus</span> <span class='ocrx_word' id='word_1_181' title='bbox 366 2225 574 2277; x_wconf 87' lang='lat' dir='ltr'>alternis</span> <span class='ocrx_word' id='word_1_182' title='bbox 600 2225 654 2275; x_wconf 92' lang='lat' dir='ltr'>in</span> <span class='ocrx_word' id='word_1_183' title='bbox 679 2224 954 2276; x_wconf 90' lang='lat' dir='ltr'>infinitum.</span> <span class='ocrx_word' id='word_1_184' title='bbox 1034 2224 1215 2275; x_wconf 90' lang='lat' dir='ltr'>Partes</span> <span class='ocrx_word' id='word_1_185' title='bbox 1254 2233 1426 2275; x_wconf 88' lang='lat' dir='ltr'>autem</span> <span class='ocrx_word' id='word_1_186' title='bbox 1466 2233 1645 2275; x_wconf 89' lang='lat' dir='ltr'>euntes</span> <span class='ocrx_word' id='word_1_187' title='bbox 1673 2233 1724 2275; x_wconf 92' lang='lat' dir='ltr'>et</span> <span class='ocrx_word' id='word_1_188' title='bbox 1751 2222 1924 2274; x_wconf 90' lang='lat' dir='ltr'>eundo</span> <span class='ocrx_word' id='word_1_189' title='bbox 1950 2224 2300 2288; x_wconf 63' lang='lat' dir='ltr'>condensata),</span> 
     </span>
     <span class='ocr_line' id='line_1_21' title="bbox 143 2301 2302 2388; baseline -0.002 -18"><span class='ocrx_word' id='word_1_190' title='bbox 143 2319 212 2370; x_wconf 94' lang='lat' dir='ltr'>ob</span> <span class='ocrx_word' id='word_1_191' title='bbox 249 2328 451 2369; x_wconf 89' lang='lat' dir='ltr'>motum</span> <span class='ocrx_word' id='word_1_192' title='bbox 495 2336 646 2369; x_wconf 91' lang='lat' dir='ltr'>suum</span> <span class='ocrx_word' id='word_1_193' title='bbox 685 2301 1092 2387; x_wconf 81' lang='lat' dir='ltr'>progressivum,</span> <span class='ocrx_word' id='word_1_194' title='bbox 1142 2334 1245 2386; x_wconf 91' lang='lat' dir='ltr'>quo</span> <span class='ocrx_word' id='word_1_195' title='bbox 1282 2315 1474 2388; x_wconf 78' lang='lat' dir='ltr'>feriunt</span> <span class='ocrx_word' id='word_1_196' title='bbox 1512 2313 1793 2377; x_wconf 88' lang='lat' dir='ltr'>obstacula,</span> <span class='ocrx_word' id='word_1_197' title='bbox 1838 2324 1958 2366; x_wconf 89' lang='lat' dir='ltr'>sunt</span> <span class='ocrx_word' id='word_1_198' title='bbox 1997 2315 2206 2383; x_wconf 87' lang='lat' dir='ltr'>pulsus3</span> <span class='ocrx_word' id='word_1_199' title='bbox 2251 2328 2302 2368; x_wconf 83' lang='lat' dir='ltr'>et</span> 
     </span>
     <span class='ocr_line' id='line_1_22' title="bbox 140 2405 2300 2479; baseline -0.001 -19"><span class='ocrx_word' id='word_1_200' title='bbox 140 2419 419 2479; x_wconf 85' lang='lat' dir='ltr'>propterea</span> <span class='ocrx_word' id='word_1_201' title='bbox 454 2408 634 2478; x_wconf 90' lang='lat' dir='ltr'>pulsus</span> <span class='ocrx_word' id='word_1_202' title='bbox 661 2407 931 2460; x_wconf 86' lang='lat' dir='ltr'>successivi</span> <span class='ocrx_word' id='word_1_203' title='bbox 958 2426 988 2458; x_wconf 91' lang='lat' dir='ltr'>a</span> <span class='ocrx_word' id='word_1_204' title='bbox 1014 2425 1234 2475; x_wconf 88' lang='lat' dir='ltr'>corpore</span> <span class='ocrx_word' id='word_1_205' title='bbox 1261 2406 1403 2457; x_wconf 89' lang='lat' dir='ltr'>omni</span> <span class='ocrx_word' id='word_1_206' title='bbox 1428 2405 1652 2457; x_wconf 90' lang='lat' dir='ltr'>tremulo</span> <span class='ocrx_word' id='word_1_207' title='bbox 1677 2406 1731 2456; x_wconf 94' lang='lat' dir='ltr'>in</span> <span class='ocrx_word' id='word_1_208' title='bbox 1758 2405 2012 2458; x_wconf 91' lang='lat' dir='ltr'>directum</span> <span class='ocrx_word' id='word_1_209' title='bbox 2039 2426 2300 2478; x_wconf 82' lang='lat' dir='ltr'>propaga-</span> 
     </span>
     <span class='ocr_line' id='line_1_23' title="bbox 140 2496 2300 2570; baseline 0 -19"><span class='ocrx_word' id='word_1_210' title='bbox 140 2499 364 2562; x_wconf 84' lang='lat' dir='ltr'>buntur3</span> <span class='ocrx_word' id='word_1_211' title='bbox 421 2499 579 2570; x_wconf 88' lang='lat' dir='ltr'>idque</span> <span class='ocrx_word' id='word_1_212' title='bbox 616 2499 900 2569; x_wconf 89' lang='lat' dir='ltr'>aequalibus</span> <span class='ocrx_word' id='word_1_213' title='bbox 939 2498 1142 2549; x_wconf 88' lang='lat' dir='ltr'>circiter</span> <span class='ocrx_word' id='word_1_214' title='bbox 1180 2498 1245 2549; x_wconf 92' lang='lat' dir='ltr'>ab</span> <span class='ocrx_word' id='word_1_215' title='bbox 1282 2497 1501 2549; x_wconf 89' lang='lat' dir='ltr'>invicem</span> <span class='ocrx_word' id='word_1_216' title='bbox 1543 2496 1814 2560; x_wconf 85' lang='lat' dir='ltr'>distantiis,</span> <span class='ocrx_word' id='word_1_217' title='bbox 1863 2498 1928 2567; x_wconf 71' lang='lat' dir='ltr'>(g)</span> <span class='ocrx_word' id='word_1_218' title='bbox 1971 2498 2040 2549; x_wconf 92' lang='lat' dir='ltr'>ob</span> <span class='ocrx_word' id='word_1_219' title='bbox 2080 2499 2300 2569; x_wconf 82' lang='lat' dir='ltr'>aequalia</span> 
     </span>
     <span class='ocr_line' id='line_1_24' title="bbox 142 2585 2298 2659; baseline -0.001 -17"><span class='ocrx_word' id='word_1_220' title='bbox 142 2590 388 2659; x_wconf 87' lang='lat' dir='ltr'>temporis</span> <span class='ocrx_word' id='word_1_221' title='bbox 409 2589 694 2652; x_wconf 84' lang='lat' dir='ltr'>intervalla,</span> <span class='ocrx_word' id='word_1_222' title='bbox 724 2589 911 2659; x_wconf 92' lang='lat' dir='ltr'>quibus</span> <span class='ocrx_word' id='word_1_223' title='bbox 940 2606 1128 2656; x_wconf 89' lang='lat' dir='ltr'>corpus</span> <span class='ocrx_word' id='word_1_224' title='bbox 1154 2587 1467 2638; x_wconf 88' lang='lat' dir='ltr'>tremoribus</span> <span class='ocrx_word' id='word_1_225' title='bbox 1495 2585 1599 2637; x_wconf 88' lang='lat' dir='ltr'>suis</span> <span class='ocrx_word' id='word_1_226' title='bbox 1626 2586 1841 2657; x_wconf 87' lang='lat' dir='ltr'>singulis</span> <span class='ocrx_word' id='word_1_227' title='bbox 1859 2586 2090 2657; x_wconf 89' lang='lat' dir='ltr'>singulos</span> <span class='ocrx_word' id='word_1_228' title='bbox 2116 2587 2298 2656; x_wconf 87' lang='lat' dir='ltr'>pulsus</span> 
     </span>
     <span class='ocr_line' id='line_1_25' title="bbox 143 2679 2297 2751; baseline -0 -18"><span class='ocrx_word' id='word_1_229' title='bbox 143 2682 347 2734; x_wconf 88' lang='lat' dir='ltr'>excitat.</span> <span class='ocrx_word' id='word_1_230' title='bbox 426 2681 495 2733; x_wconf 90' lang='lat' dir='ltr'>Et</span> <span class='ocrx_word' id='word_1_231' title='bbox 522 2699 816 2751; x_wconf 89' lang='lat' dir='ltr'>quanquam</span> <span class='ocrx_word' id='word_1_232' title='bbox 843 2680 1073 2748; x_wconf 85' lang='lat' dir='ltr'>corporis</span> <span class='ocrx_word' id='word_1_233' title='bbox 1099 2679 1307 2731; x_wconf 89' lang='lat' dir='ltr'>tremuli</span> <span class='ocrx_word' id='word_1_234' title='bbox 1331 2688 1504 2747; x_wconf 88' lang='lat' dir='ltr'>partes</span> <span class='ocrx_word' id='word_1_235' title='bbox 1544 2689 1662 2729; x_wconf 87' lang='lat' dir='ltr'>eant</span> <span class='ocrx_word' id='word_1_236' title='bbox 1688 2689 1739 2730; x_wconf 89' lang='lat' dir='ltr'>et</span> <span class='ocrx_word' id='word_1_237' title='bbox 1763 2679 1979 2731; x_wconf 90' lang='lat' dir='ltr'>redeant</span> <span class='ocrx_word' id='word_1_238' title='bbox 2012 2680 2297 2732; x_wconf 85' lang='lat' dir='ltr'>secundum</span> 
     </span>
     <span class='ocr_line' id='line_1_26' title="bbox 142 2752 2296 2842; baseline 0 -21"><span class='ocrx_word' id='word_1_239' title='bbox 142 2771 351 2842; x_wconf 87' lang='lat' dir='ltr'>plagam</span> <span class='ocrx_word' id='word_1_240' title='bbox 388 2770 617 2840; x_wconf 86' lang='lat' dir='ltr'>aliquam</span> <span class='ocrx_word' id='word_1_241' title='bbox 645 2779 838 2822; x_wconf 86' lang='lat' dir='ltr'>certam</span> <span class='ocrx_word' id='word_1_242' title='bbox 865 2779 916 2821; x_wconf 89' lang='lat' dir='ltr'>et</span> <span class='ocrx_word' id='word_1_243' title='bbox 941 2769 1353 2832; x_wconf 81' lang='lat' dir='ltr'>determinatam,</span> <span class='ocrx_word' id='word_1_244' title='bbox 1395 2780 1568 2820; x_wconf 88' lang='lat' dir='ltr'>tamen</span> <span class='ocrx_word' id='word_1_245' title='bbox 1593 2769 1773 2837; x_wconf 86' lang='lat' dir='ltr'>pulsus</span> <span class='ocrx_word' id='word_1_246' title='bbox 1799 2770 1922 2823; x_wconf 89' lang='lat' dir='ltr'>inde</span> <span class='ocrx_word' id='word_1_247' title='bbox 1946 2752 2296 2840; x_wconf 24' lang='lat' dir='ltr'>per-medium</span> 
     </span>
    </p>
   </div>
   <div class='ocr_carea' id='block_1_6' title="bbox 469 2927 2294 3035">
    <p class='ocr_par' dir='ltr' id='par_1_6' title="bbox 469 2927 2294 3035">
     <span class='ocr_line' id='line_1_27' title="bbox 469 2927 2294 2981; baseline 0.002 -15"><span class='ocrx_word' id='word_1_248' title='bbox 469 2927 855 2967; x_wconf 83' lang='lat' dir='ltr'><strong>PROPOSITIO.</strong></span> <span class='ocrx_word' id='word_1_249' title='bbox 1235 2929 1340 2979; x_wconf 80' lang='lat' dir='ltr'>poris</span> <span class='ocrx_word' id='word_1_250' title='bbox 1369 2935 1630 2978; x_wconf 79' lang='lat' dir='ltr'>propagatur:</span> <span class='ocrx_word' id='word_1_251' title='bbox 1666 2929 1772 2980; x_wconf 89' lang='lat' dir='ltr'>quod</span> <span class='ocrx_word' id='word_1_252' title='bbox 1798 2930 1955 2981; x_wconf 88' lang='lat' dir='ltr'>quidem</span> <span class='ocrx_word' id='word_1_253' title='bbox 1983 2931 2125 2969; x_wconf 83' lang='lat' dir='ltr'>leviora</span> <span class='ocrx_word' id='word_1_254' title='bbox 2153 2932 2294 2970; x_wconf 82' lang='lat' dir='ltr'>chartae</span> 
     </span>
     <span class='ocr_line' id='line_1_28' title="bbox 1243 2981 2293 3035; baseline 0.007 -17"><span class='ocrx_word' id='word_1_255' title='bbox 1243 2981 1409 3019; x_wconf 85' lang='lat' dir='ltr'>frustula</span> <span class='ocrx_word' id='word_1_256' title='bbox 1428 2982 1642 3030; x_wconf 81' lang='lat' dir='ltr'>superficiei</span> <span class='ocrx_word' id='word_1_257' title='bbox 1671 2984 1837 3032; x_wconf 83' lang='lat' dir='ltr'>corporis</span> <span class='ocrx_word' id='word_1_258' title='bbox 1864 2985 2077 3022; x_wconf 86' lang='lat' dir='ltr'>resonantis</span> <span class='ocrx_word' id='word_1_259' title='bbox 2100 2985 2293 3035; x_wconf 72' lang='lat' dir='ltr'>imposita,</span> 
     </span>
    </p>
   </div>
   <div class='ocr_carea' id='block_1_7' title="bbox 142 3034 1708 3188">
    <p class='ocr_par' dir='ltr' id='par_1_7' title="bbox 142 3034 1708 3188">
     <span class='ocr_line' id='line_1_29' title="bbox 198 3034 1708 3085; baseline 0 -11"><span class='ocrx_word' id='word_1_260' title='bbox 198 3040 288 3075; x_wconf 80' lang='lat'><strong>309.</strong></span> <span class='ocrx_word' id='word_1_261' title='bbox 321 3036 484 3085; x_wconf 82' lang='lat' dir='ltr'>Corpora</span> <span class='ocrx_word' id='word_1_262' title='bbox 499 3048 632 3073; x_wconf 83' lang='lat' dir='ltr'>sonora</span> <span class='ocrx_word' id='word_1_263' title='bbox 647 3037 874 3084; x_wconf 76' lang='lat' dir='ltr'>homogenea</span> <span class='ocrx_word' id='word_1_264' title='bbox 889 3041 923 3072; x_wconf 85' lang='lat' dir='ltr'>et</span> <span class='ocrx_word' id='word_1_265' title='bbox 941 3034 1077 3072; x_wconf 86' lang='lat' dir='ltr'>similia</span> <span class='ocrx_word' id='word_1_266' title='bbox 1097 3049 1190 3085; x_wconf 86' lang='lat' dir='ltr'>quo-</span> <span class='ocrx_word' id='word_1_267' title='bbox 1247 3041 1414 3073; x_wconf 84' lang='lat' dir='ltr'>tremore</span> <span class='ocrx_word' id='word_1_268' title='bbox 1434 3048 1505 3072; x_wconf 92' lang='lat' dir='ltr'>suo</span> <span class='ocrx_word' id='word_1_269' title='bbox 1523 3035 1708 3074; x_wconf 85' lang='lat' dir='ltr'>indicant.</span> 
     </span>
     <span class='ocr_line' id='line_1_30' title="bbox 142 3089 1194 3137; baseline -0.002 -10"><span class='ocrx_word' id='word_1_270' title='bbox 142 3104 235 3129; x_wconf 84' lang='lat' dir='ltr'>rum</span> <span class='ocrx_word' id='word_1_271' title='bbox 261 3092 381 3127; x_wconf 83' lang='lat' dir='ltr'>latera</span> <span class='ocrx_word' id='word_1_272' title='bbox 409 3091 601 3137; x_wconf 79' lang='lat' dir='ltr'>lzomologa</span> <span class='ocrx_word' id='word_1_273' title='bbox 629 3090 814 3126; x_wconf 82' lang='lat' dir='ltr'>rationem</span> <span class='ocrx_word' id='word_1_274' title='bbox 841 3089 975 3126; x_wconf 79' lang='lat' dir='ltr'>habent</span> <span class='ocrx_word' id='word_1_275' title='bbox 1002 3090 1194 3126; x_wconf 82' lang='lat' dir='ltr'>inversam</span> 
     </span>
     <span class='ocr_line' id='line_1_31' title="bbox 142 3143 1194 3188; baseline -0.002 -7"><span class='ocrx_word' id='word_1_276' title='bbox 142 3156 392 3182; x_wconf 63' lang='lat' dir='ltr'>‘nurnerorum</span> <span class='ocrx_word' id='word_1_277' title='bbox 413 3147 474 3188; x_wconf 78' lang='lat'>24,</span> <span class='ocrx_word' id='word_1_278' title='bbox 499 3145 561 3186; x_wconf 84' lang='lat'>27,</span> <span class='ocrx_word' id='word_1_279' title='bbox 585 3146 646 3186; x_wconf 83' lang='grc'>30,</span> <span class='ocrx_word' id='word_1_280' title='bbox 663 3146 728 3186; x_wconf 71' lang='grc'>59,</span> <span class='ocrx_word' id='word_1_281' title='bbox 746 3146 809 3187; x_wconf 84' lang='grc'>36,</span> <span class='ocrx_word' id='word_1_282' title='bbox 832 3146 896 3186; x_wconf 83' lang='grc'>40,</span> <span class='ocrx_word' id='word_1_283' title='bbox 918 3143 980 3187; x_wconf 88' lang='grc'>45,</span> <span class='ocrx_word' id='word_1_284' title='bbox 1003 3145 1066 3185; x_wconf 86' lang='grc'>48,</span> <span class='ocrx_word' id='word_1_285' title='bbox 1089 3148 1194 3180; x_wconf 81' lang='lat' dir='ltr'>tonos</span> 
     </span>
    </p>
   </div>
   <div class='ocr_carea' id='block_1_8' title="bbox 143 3195 2293 3357">
    <p class='ocr_par' dir='ltr' id='par_1_8' title="bbox 143 3195 2293 3357">
     <span class='ocr_line' id='line_1_32' title="bbox 143 3195 1958 3241; baseline 0.001 -7"><span class='ocrx_word' id='word_1_286' title='bbox 143 3199 275 3241; x_wconf 82' lang='lat' dir='ltr'>edunt,</span> <span class='ocrx_word' id='word_1_287' title='bbox 315 3198 401 3238; x_wconf 90' lang='lat' dir='ltr'>UT,</span> <span class='ocrx_word' id='word_1_288' title='bbox 435 3198 528 3241; x_wconf 89' lang='lat' dir='ltr'>RE,</span> <span class='ocrx_word' id='word_1_289' title='bbox 561 3197 645 3240; x_wconf 82' lang='lat' dir='ltr'>Ml,</span> <span class='ocrx_word' id='word_1_290' title='bbox 677 3196 768 3240; x_wconf 90' lang='lat' dir='ltr'>FA,</span> <span class='ocrx_word' id='word_1_291' title='bbox 790 3195 902 3239; x_wconf 88' lang='lat' dir='ltr'><strong><em>SOL,</em></strong></span> <span class='ocrx_word' id='word_1_292' title='bbox 925 3195 1014 3237; x_wconf 91' lang='lat' dir='ltr'>LA,</span> <span class='ocrx_word' id='word_1_293' title='bbox 1038 3196 1099 3238; x_wconf 87' lang='lat' dir='ltr'>SI,</span> <span class='ocrx_word' id='word_1_294' title='bbox 1129 3202 1185 3233; x_wconf 84' lang='lat' dir='ltr'>ut.</span> <span class='ocrx_word' id='word_1_295' title='bbox 1572 3195 1958 3237; x_wconf 81' lang='lat' dir='ltr'>PROPOSITIO.</span> 
     </span>
     <span class='ocr_line' id='line_1_33' title="bbox 147 3247 1191 3297; baseline -0.004 -10"><span class='ocrx_word' id='word_1_296' title='bbox 147 3249 265 3287; x_wconf 86' lang='lat' dir='ltr'>Hanc</span> <span class='ocrx_word' id='word_1_297' title='bbox 281 3248 585 3296; x_wconf 82' lang='lat' dir='ltr'>Propositionem</span> <span class='ocrx_word' id='word_1_298' title='bbox 599 3249 761 3297; x_wconf 84' lang='lat' dir='ltr'>probant</span> <span class='ocrx_word' id='word_1_299' title='bbox 776 3247 1036 3296; x_wconf 85' lang='lat' dir='ltr'>experimenta</span> <span class='ocrx_word' id='word_1_300' title='bbox 1049 3260 1137 3297; x_wconf 88' lang='lat' dir='ltr'>quae</span> <span class='ocrx_word' id='word_1_301' title='bbox 1151 3248 1191 3284; x_wconf 90' lang='lat' dir='ltr'>in</span> 
     </span>
     <span class='ocr_line' id='line_1_34' title="bbox 143 3300 2293 3357; baseline 0.002 -17"><span class='ocrx_word' id='word_1_302' title='bbox 143 3302 351 3350; x_wconf 78' lang='lat' dir='ltr'>campanis,</span> <span class='ocrx_word' id='word_1_303' title='bbox 373 3301 555 3351; x_wconf 77' lang='lat' dir='ltr'>cylindris</span> <span class='ocrx_word' id='word_1_304' title='bbox 573 3310 611 3339; x_wconf 86' lang='lat' dir='ltr'>et</span> <span class='ocrx_word' id='word_1_305' title='bbox 629 3301 872 3349; x_wconf 75' lang='lat' dir='ltr'>prismatibus</span> <span class='ocrx_word' id='word_1_306' title='bbox 886 3300 1135 3351; x_wconf 86' lang='lat' dir='ltr'>homogeneis</span> <span class='ocrx_word' id='word_1_307' title='bbox 1149 3308 1188 3338; x_wconf 86' lang='lat' dir='ltr'>et</span> <span class='ocrx_word' id='word_1_308' title='bbox 1295 3305 1384 3339; x_wconf 81' lang='lat'>811.</span> <span class='ocrx_word' id='word_1_309' title='bbox 1425 3304 1631 3352; x_wconf 79' lang='lat' dir='ltr'>campanae</span> <span class='ocrx_word' id='word_1_310' title='bbox 1646 3305 1787 3357; x_wconf 82' lang='lat' dir='ltr'>figura</span> <span class='ocrx_word' id='word_1_311' title='bbox 1816 3307 1894 3344; x_wconf 80' lang='lat' dir='ltr'>ictu</span> <span class='ocrx_word' id='word_1_312' title='bbox 1925 3308 2038 3344; x_wconf 80' lang='lat' dir='ltr'>clavoe</span> <span class='ocrx_word' id='word_1_313' title='bbox 2062 3306 2118 3345; x_wconf 66' lang='lat' dir='ltr'>ita</span> <span class='ocrx_word' id='word_1_314' title='bbox 2146 3309 2293 3346; x_wconf 79' lang='lat' dir='ltr'>mutari</span> 
     </span>
    </p>
   </div>
   <div class='ocr_carea' id='block_1_9' title="bbox 143 3353 2291 3891">
    <p class='ocr_par' dir='ltr' id='par_1_9' title="bbox 143 3353 2291 3891">
     <span class='ocr_line' id='line_1_35' title="bbox 143 3353 2291 3413; baseline 0.003 -21"><span class='ocrx_word' id='word_1_315' title='bbox 143 3355 333 3392; x_wconf 87' lang='lat' dir='ltr'>similibus</span> <span class='ocrx_word' id='word_1_316' title='bbox 365 3356 584 3393; x_wconf 86' lang='lat' dir='ltr'>habueruut</span> <span class='ocrx_word' id='word_1_317' title='bbox 618 3354 855 3392; x_wconf 86' lang='lat' dir='ltr'>Mersennus</span> <span class='ocrx_word' id='word_1_318' title='bbox 886 3353 927 3390; x_wconf 89' lang='lat' dir='ltr'>in</span> <span class='ocrx_word' id='word_1_319' title='bbox 968 3353 1188 3391; x_wconf 57' lang='lat' dir='ltr'>Harmonia</span> <span class='ocrx_word' id='word_1_320' title='bbox 1245 3357 1361 3393; x_wconf 82' lang='lat' dir='ltr'>oculis</span> <span class='ocrx_word' id='word_1_321' title='bbox 1389 3358 1559 3394; x_wconf 77' lang='lat' dir='ltr'>cernitur</span> <span class='ocrx_word' id='word_1_322' title='bbox 1578 3365 1622 3395; x_wconf 86' lang='lat' dir='ltr'>ut</span> <span class='ocrx_word' id='word_1_323' title='bbox 1641 3371 1733 3396; x_wconf 84' lang='lat' dir='ltr'>cum</span> <span class='ocrx_word' id='word_1_324' title='bbox 1760 3361 1927 3397; x_wconf 84' lang='lat' dir='ltr'>rotumla.</span> <span class='ocrx_word' id='word_1_325' title='bbox 1953 3368 2056 3406; x_wconf 79' lang='lat' dir='ltr'>esset,</span> <span class='ocrx_word' id='word_1_326' title='bbox 2073 3363 2155 3413; x_wconf 78' lang='lat' dir='ltr'>fiat</span> <span class='ocrx_word' id='word_1_327' title='bbox 2183 3356 2291 3399; x_wconf 68' lang='lat' dir='ltr'>ovata</span> 
     </span>
     <span class='ocr_line' id='line_1_36' title="bbox 146 3405 2289 3458; baseline 0.003 -12"><span class='ocrx_word' id='word_1_328' title='bbox 146 3407 365 3446; x_wconf 89' lang='lat' dir='ltr'>Universali</span> <span class='ocrx_word' id='word_1_329' title='bbox 383 3415 422 3446; x_wconf 86' lang='lat' dir='ltr'>et</span> <span class='ocrx_word' id='word_1_330' title='bbox 442 3408 496 3446; x_wconf 93' lang='lat' dir='ltr'>D.</span> <span class='ocrx_word' id='word_1_331' title='bbox 524 3406 642 3446; x_wconf 69' lang='lat' dir='ltr'>carre</span> <span class='ocrx_word' id='word_1_332' title='bbox 660 3407 702 3444; x_wconf 86' lang='lat' dir='ltr'>in</span> <span class='ocrx_word' id='word_1_333' title='bbox 722 3407 907 3445; x_wconf 83' lang='lat' dir='ltr'>Menum.</span> <span class='ocrx_word' id='word_1_334' title='bbox 931 3405 1055 3445; x_wconf 86' lang='lat' dir='ltr'>Acad.</span> <span class='ocrx_word' id='word_1_335' title='bbox 1085 3407 1186 3458; x_wconf 77' lang='lat' dir='ltr'>Reg,</span> <span class='ocrx_word' id='word_1_336' title='bbox 1246 3415 1281 3446; x_wconf 83' lang='lat' dir='ltr'>et</span> <span class='ocrx_word' id='word_1_337' title='bbox 1301 3408 1472 3458; x_wconf 62' lang='lat' dir='ltr'>quandia.</span> <span class='ocrx_word' id='word_1_338' title='bbox 1491 3412 1652 3448; x_wconf 76' lang='lat' dir='ltr'>auditur</span> <span class='ocrx_word' id='word_1_339' title='bbox 1669 3424 1796 3458; x_wconf 85' lang='lat' dir='ltr'>sonus,</span> <span class='ocrx_word' id='word_1_340' title='bbox 1816 3414 1973 3451; x_wconf 75' lang='lat' dir='ltr'>alternis</span> <span class='ocrx_word' id='word_1_341' title='bbox 1993 3421 2164 3452; x_wconf 83' lang='lat' dir='ltr'>mutatur</span> <span class='ocrx_word' id='word_1_342' title='bbox 2183 3415 2289 3452; x_wconf 88' lang='lat' dir='ltr'>oscil-</span> 
     </span>
     <span class='ocr_line' id='line_1_37' title="bbox 144 3463 1462 3501; baseline -0.001 -2"><span class='ocrx_word' id='word_1_343' title='bbox 144 3473 212 3499; x_wconf 77' lang='grc' dir='ltr'>ειη.</span> <span class='ocrx_word' id='word_1_344' title='bbox 243 3465 354 3501; x_wconf 82' lang='lat'><strong>1709.</strong></span> <span class='ocrx_word' id='word_1_345' title='bbox 1245 3463 1462 3500; x_wconf 68' lang='lat' dir='ltr'>lotionibus.</span> 
     </span>
     <span class='ocr_line' id='line_1_38' title="bbox 1294 3516 2291 3568; baseline 0.008 -17"><span class='ocrx_word' id='word_1_346' title='bbox 1294 3518 1381 3551; x_wconf 78' lang='lat'>312.</span> <span class='ocrx_word' id='word_1_347' title='bbox 1407 3517 1526 3554; x_wconf 79' lang='lat' dir='ltr'>Corol.</span> <span class='ocrx_word' id='word_1_348' title='bbox 1562 3516 1627 3553; x_wconf 86' lang='lat' dir='ltr'>Ex</span> <span class='ocrx_word' id='word_1_349' title='bbox 1646 3516 1768 3555; x_wconf 83' lang='lat' dir='ltr'>tribus</span> <span class='ocrx_word' id='word_1_350' title='bbox 1787 3518 1934 3557; x_wconf 82' lang='lat' dir='ltr'>ultimis</span> <span class='ocrx_word' id='word_1_351' title='bbox 1957 3519 2291 3568; x_wconf 83' lang='lat' dir='ltr'>Propositionibus</span> 
     </span>
     <span class='ocr_line' id='line_1_39' title="bbox 1240 3567 2289 3613; baseline 0.008 -10"><span class='ocrx_word' id='word_1_352' title='bbox 1240 3567 1471 3605; x_wconf 86' lang='lat' dir='ltr'>concludere</span> <span class='ocrx_word' id='word_1_353' title='bbox 1490 3568 1590 3613; x_wconf 88' lang='lat' dir='ltr'>licet,</span> <span class='ocrx_word' id='word_1_354' title='bbox 1612 3577 1657 3607; x_wconf 88' lang='lat' dir='ltr'>ut</span> <span class='ocrx_word' id='word_1_355' title='bbox 1676 3570 1716 3607; x_wconf 89' lang='lat' dir='ltr'>in</span> <span class='ocrx_word' id='word_1_356' title='bbox 1736 3572 1887 3610; x_wconf 83' lang='lat' dir='ltr'>chordis</span> <span class='ocrx_word' id='word_1_357' title='bbox 1905 3573 1958 3610; x_wconf 82' lang='lat' dir='ltr'>ita</span> <span class='ocrx_word' id='word_1_358' title='bbox 1977 3581 2015 3610; x_wconf 85' lang='lat' dir='ltr'>et</span> <span class='ocrx_word' id='word_1_359' title='bbox 2033 3573 2074 3609; x_wconf 89' lang='lat' dir='ltr'>in</span> <span class='ocrx_word' id='word_1_360' title='bbox 2098 3572 2184 3611; x_wconf 80' lang='lat' dir='ltr'>aliis</span> <span class='ocrx_word' id='word_1_361' title='bbox 2203 3586 2289 3611; x_wconf 88' lang='lat' dir='ltr'>cor-</span> 
     </span>
     <span class='ocr_line' id='line_1_40' title="bbox 471 3619 2289 3674; baseline 0.003 -15"><span class='ocrx_word' id='word_1_362' title='bbox 471 3619 856 3668; x_wconf 79' lang='lat' dir='ltr'><strong>PROPOSJTIO.</strong></span> <span class='ocrx_word' id='word_1_363' title='bbox 1242 3621 1398 3669; x_wconf 77' lang='lat' dir='ltr'>poribus</span> <span class='ocrx_word' id='word_1_364' title='bbox 1430 3624 1709 3668; x_wconf 78' lang='lat' dir='ltr'>resonantibus,</span> <span class='ocrx_word' id='word_1_365' title='bbox 1743 3631 1854 3663; x_wconf 82' lang='lat' dir='ltr'>tonos</span> <span class='ocrx_word' id='word_1_366' title='bbox 1882 3624 2049 3674; x_wconf 84' lang='lat' dir='ltr'>pendere</span> <span class='ocrx_word' id='word_1_367' title='bbox 2076 3639 2099 3663; x_wconf 82' lang='lat' dir='ltr'>a</span> <span class='ocrx_word' id='word_1_368' title='bbox 2125 3639 2289 3664; x_wconf 87' lang='lat' dir='ltr'>numero</span> 
     </span>
     <span class='ocr_line' id='line_1_41' title="bbox 652 3673 2289 3729; baseline 0.008 -23"><span class='ocrx_word' id='word_1_369' title='bbox 652 3704 656 3706; x_wconf 71' lang='grc'>,</span> <span class='ocrx_word' id='word_1_370' title='bbox 1242 3673 1502 3711; x_wconf 85' lang='lat' dir='ltr'>vibrationum</span> <span class='ocrx_word' id='word_1_371' title='bbox 1529 3688 1598 3713; x_wconf 90' lang='lat' dir='ltr'>seu</span> <span class='ocrx_word' id='word_1_372' title='bbox 1625 3676 1927 3716; x_wconf 86' lang='lat' dir='ltr'>undulationum</span> <span class='ocrx_word' id='word_1_373' title='bbox 1956 3691 2044 3729; x_wconf 87' lang='lat' dir='ltr'>quae</span> <span class='ocrx_word' id='word_1_374' title='bbox 2072 3679 2164 3718; x_wconf 81' lang='lat' dir='ltr'>dato</span> <span class='ocrx_word' id='word_1_375' title='bbox 2191 3687 2289 3718; x_wconf 77' lang='lat' dir='ltr'>tem-</span> 
     </span>
     <span class='ocr_line' id='line_1_42' title="bbox 197 3727 1600 3779; baseline 0.001 -14"><span class='ocrx_word' id='word_1_376' title='bbox 197 3730 288 3765; x_wconf 82' lang='lat'><strong>310.</strong></span> <span class='ocrx_word' id='word_1_377' title='bbox 320 3730 437 3768; x_wconf 86' lang='lat' dir='ltr'>Dum</span> <span class='ocrx_word' id='word_1_378' title='bbox 456 3742 591 3779; x_wconf 82' lang='lat' dir='ltr'>corpus</span> <span class='ocrx_word' id='word_1_379' title='bbox 609 3727 1023 3777; x_wconf 59' lang='lat' dir='ltr'>sonorumjaercutitur,</span> <span class='ocrx_word' id='word_1_380' title='bbox 1039 3733 1186 3765; x_wconf 79' lang='lat' dir='ltr'>tremu-</span> <span class='ocrx_word' id='word_1_381' title='bbox 1241 3739 1334 3775; x_wconf 84' lang='lat' dir='ltr'>pore</span> <span class='ocrx_word' id='word_1_382' title='bbox 1351 3736 1600 3778; x_wconf 81' lang='lat' dir='ltr'>peraguntur.</span> 
     </span>
     <span class='ocr_line' id='line_1_43' title="bbox 144 3776 1955 3835; baseline 0.002 -17"><span class='ocrx_word' id='word_1_383' title='bbox 144 3781 204 3819; x_wconf 83' lang='lat' dir='ltr'>lus</span> <span class='ocrx_word' id='word_1_384' title='bbox 237 3783 518 3829; x_wconf 79' lang='lat' dir='ltr'>particularum</span> <span class='ocrx_word' id='word_1_385' title='bbox 555 3789 678 3820; x_wconf 83' lang='lat' dir='ltr'>motus</span> <span class='ocrx_word' id='word_1_386' title='bbox 714 3794 757 3820; x_wconf 79' lang='lat' dir='ltr'>ex·</span> <span class='ocrx_word' id='word_1_387' title='bbox 792 3782 872 3819; x_wconf 75' lang='lat' dir='ltr'>ictu.</span> <span class='ocrx_word' id='word_1_388' title='bbox 907 3786 943 3818; x_wconf 81' lang='lat' dir='ltr'>et</span> <span class='ocrx_word' id='word_1_389' title='bbox 971 3782 1008 3818; x_wconf 86' lang='lat' dir='ltr'>vi</span> <span class='ocrx_word' id='word_1_390' title='bbox 1038 3776 1190 3818; x_wconf 71' lang='lat' dir='ltr'>elastica</span> <span class='ocrx_word' id='word_1_391' title='bbox 1299 3779 1349 3831; x_wconf 82' lang='lat' dir='ltr'>(f)</span> <span class='ocrx_word' id='word_1_392' title='bbox 1370 3783 1525 3831; x_wconf 61' lang='lat' dir='ltr'>Aliquae</span> <span class='ocrx_word' id='word_1_393' title='bbox 1542 3796 1678 3822; x_wconf 86' lang='lat' dir='ltr'>earum</span> <span class='ocrx_word' id='word_1_394' title='bbox 1696 3786 1806 3824; x_wconf 78' lang='lat' dir='ltr'>ibunt</span> <span class='ocrx_word' id='word_1_395' title='bbox 1826 3783 1955 3835; x_wconf 79' lang='lat'><strong>(294).</strong></span> 
     </span>
     <span class='ocr_line' id='line_1_44' title="bbox 145 3833 2226 3891; baseline 0.003 -19"><span class='ocrx_word' id='word_1_396' title='bbox 145 3841 308 3880; x_wconf 80' lang='lat' dir='ltr'>creatus,</span> <span class='ocrx_word' id='word_1_397' title='bbox 340 3838 489 3874; x_wconf 81' lang='lat' dir='ltr'>remotis</span> <span class='ocrx_word' id='word_1_398' title='bbox 517 3837 724 3882; x_wconf 72' lang='lat' dir='ltr'>obstaculis,</span> <span class='ocrx_word' id='word_1_399' title='bbox 753 3847 826 3885; x_wconf 81' lang='lat' dir='ltr'>per</span> <span class='ocrx_word' id='word_1_400' title='bbox 853 3835 1089 3886; x_wconf 74' lang='lat' dir='ltr'>superficiem</span> <span class='ocrx_word' id='word_1_401' title='bbox 1106 3846 1192 3873; x_wconf 85' lang='lat' dir='ltr'>cor·</span> <span class='ocrx_word' id='word_1_402' title='bbox 1298 3833 1355 3885; x_wconf 60' lang='grc' dir='ltr'>(Β)</span> <span class='ocrx_word' id='word_1_403' title='bbox 1378 3836 1399 3858; x_wconf 68' lang='lat'>¹*</span> <span class='ocrx_word' id='word_1_404' title='bbox 1426 3837 1477 3874; x_wconf 72' lang='lat'>05</span> <span class='ocrx_word' id='word_1_405' title='bbox 1495 3839 1659 3888; x_wconf 80' lang='lat' dir='ltr'>aequalia</span> <span class='ocrx_word' id='word_1_406' title='bbox 1677 3839 1851 3888; x_wconf 78' lang='lat' dir='ltr'>temporis</span> <span class='ocrx_word' id='word_1_407' title='bbox 1878 3839 2075 3878; x_wconf 80' lang='lat' dir='ltr'>intervalla</span> <span class='ocrx_word' id='word_1_408' title='bbox 2095 3838 2226 3891; x_wconf 82' lang='lat'><strong>(800).</strong></span> 
     </span>
    </p>
   </div>
  </div>
 </body>
</html>
