<?xml version="1.0" encoding="UTF-8"?>
<!DOCTYPE html PUBLIC "-//W3C//DTD XHTML 1.0 Transitional//EN"
    "http://www.w3.org/TR/xhtml1/DTD/xhtml1-transitional.dtd">
<html xmlns="http://www.w3.org/1999/xhtml" xml:lang="en" lang="en">
 <head>
  <title>
</title>
<meta http-equiv="Content-Type" content="text/html;charset=utf-8" />
  <meta name='ocr-system' content='tesseract 3.04.00' />
  <meta name='ocr-capabilities' content='ocr_page ocr_carea ocr_par ocr_line ocrx_word'/>
</head>
<body>
  <div class='ocr_page' id='page_1' title='image "./philonatrualprin02newtrich_0313.png"; bbox 0 0 2502 4192; ppageno 0'>
   <div class='ocr_carea' id='block_1_1' title="bbox 143 232 2275 301">
    <p class='ocr_par' dir='ltr' id='par_1_1' title="bbox 143 232 2275 301">
     <span class='ocr_line' id='line_1_1' title="bbox 143 232 2275 301; baseline -0.004 -10"><span class='ocrx_word' id='word_1_1' title='bbox 143 238 327 291; x_wconf 59' lang='lat' dir='ltr'>Lmen</span> <span class='ocrx_word' id='word_1_2' title='bbox 355 237 626 301; x_wconf 59' lang='lat' dir='ltr'>Sisenna]</span> <span class='ocrx_word' id='word_1_3' title='bbox 679 233 1079 288; x_wconf 87' lang='lat' dir='ltr'>PRINCIPIA</span> <span class='ocrx_word' id='word_1_4' title='bbox 1119 232 1731 300; x_wconf 84' lang='lat' dir='ltr'>MATHEMATICA.</span> <span class='ocrx_word' id='word_1_5' title='bbox 2178 240 2275 283; x_wconf 83' lang='lat'>301</span> 
     </span>
    </p>
   </div>
   <div class='ocr_carea' id='block_1_2' title="bbox 132 376 2285 2371">
    <p class='ocr_par' dir='ltr' id='par_1_2' title="bbox 139 376 2285 542">
     <span class='ocr_line' id='line_1_2' title="bbox 139 376 2285 450; baseline -0.003 -18"><span class='ocrx_word' id='word_1_6' title='bbox 139 380 194 449; x_wconf 55' lang='grc' dir='ltr'>(ἰ)</span> <span class='ocrx_word' id='word_1_7' title='bbox 222 389 375 432; x_wconf 90' lang='lat' dir='ltr'>erunt</span> <span class='ocrx_word' id='word_1_8' title='bbox 398 376 625 449; x_wconf 87' lang='lat' dir='ltr'>partium</span> <span class='ocrx_word' id='word_1_9' title='bbox 653 378 975 450; x_wconf 85' lang='lat' dir='ltr'>singularum</span> <span class='ocrx_word' id='word_1_10' title='bbox 1012 389 1248 447; x_wconf 91' lang='lat' dir='ltr'>tempora</span> <span class='ocrx_word' id='word_1_11' title='bbox 1282 378 1550 446; x_wconf 83' lang='lat' dir='ltr'>periodica</span> <span class='ocrx_word' id='word_1_12' title='bbox 1575 388 1633 429; x_wconf 90' lang='lat' dir='ltr'>ut</span> <span class='ocrx_word' id='word_1_13' title='bbox 1657 377 1885 445; x_wconf 86' lang='lat' dir='ltr'>ipsarum</span> <span class='ocrx_word' id='word_1_14' title='bbox 1924 376 2181 427; x_wconf 73' lang='lat' dir='ltr'>distantiae</span> <span class='ocrx_word' id='word_1_15' title='bbox 2217 376 2285 426; x_wconf 90' lang='lat' dir='ltr'>ab</span> 
     </span>
     <span class='ocr_line' id='line_1_3' title="bbox 139 472 634 542; baseline 0.002 -20"><span class='ocrx_word' id='word_1_16' title='bbox 139 489 238 523; x_wconf 87' lang='lat' dir='ltr'>axe</span> <span class='ocrx_word' id='word_1_17' title='bbox 264 472 634 542; x_wconf 82' lang='lat' dir='ltr'><strong>cylindrorum.</strong></span> 
     </span>
    </p>

    <p class='ocr_par' dir='ltr' id='par_1_3' title="bbox 132 553 2285 1084">
     <span class='ocr_line' id='line_1_4' title="bbox 214 553 2285 630; baseline -0.003 -19"><span class='ocrx_word' id='word_1_18' title='bbox 214 562 377 612; x_wconf 86' lang='lat' dir='ltr'>Corol.</span> <span class='ocrx_word' id='word_1_19' title='bbox 417 567 466 611; x_wconf 80' lang='lat'>3.</span> <span class='ocrx_word' id='word_1_20' title='bbox 532 560 588 612; x_wconf 80' lang='lat' dir='ltr'>Si</span> <span class='ocrx_word' id='word_1_21' title='bbox 637 558 873 630; x_wconf 86' lang='lat' dir='ltr'>cylindro</span> <span class='ocrx_word' id='word_1_22' title='bbox 927 568 979 611; x_wconf 92' lang='lat' dir='ltr'>et</span> <span class='ocrx_word' id='word_1_23' title='bbox 1011 558 1174 610; x_wconf 91' lang='lat' dir='ltr'>fluido</span> <span class='ocrx_word' id='word_1_24' title='bbox 1214 557 1281 609; x_wconf 88' lang='lat' dir='ltr'>ad</span> <span class='ocrx_word' id='word_1_25' title='bbox 1317 557 1458 610; x_wconf 91' lang='lat' dir='ltr'>hunc</span> <span class='ocrx_word' id='word_1_26' title='bbox 1496 557 1712 608; x_wconf 89' lang='lat' dir='ltr'>modum</span> <span class='ocrx_word' id='word_1_27' title='bbox 1748 556 1901 608; x_wconf 88' lang='lat' dir='ltr'>motis</span> <span class='ocrx_word' id='word_1_28' title='bbox 1945 555 2165 606; x_wconf 82' lang='lat' dir='ltr'>addatur</span> <span class='ocrx_word' id='word_1_29' title='bbox 2202 553 2285 605; x_wconf 93' lang='lat' dir='ltr'>vel</span> 
     </span>
     <span class='ocr_line' id='line_1_5' title="bbox 136 647 2283 720; baseline -0.002 -19"><span class='ocrx_word' id='word_1_30' title='bbox 136 649 396 701; x_wconf 83' lang='lat' dir='ltr'>auferatur</span> <span class='ocrx_word' id='word_1_31' title='bbox 434 651 723 702; x_wconf 88' lang='lat' dir='ltr'>communis</span> <span class='ocrx_word' id='word_1_32' title='bbox 762 650 978 720; x_wconf 82' lang='lat' dir='ltr'>quilibet</span> <span class='ocrx_word' id='word_1_33' title='bbox 1013 659 1184 700; x_wconf 88' lang='lat' dir='ltr'>motus</span> <span class='ocrx_word' id='word_1_34' title='bbox 1223 648 1515 719; x_wconf 83' lang='lat' dir='ltr'>angularis3</span> <span class='ocrx_word' id='word_1_35' title='bbox 1562 648 1808 718; x_wconf 88' lang='lat' dir='ltr'>quoniam</span> <span class='ocrx_word' id='word_1_36' title='bbox 1833 647 1935 698; x_wconf 90' lang='lat' dir='ltr'>hoc</span> <span class='ocrx_word' id='word_1_37' title='bbox 1960 665 2101 697; x_wconf 84' lang='lat' dir='ltr'>novo</span> <span class='ocrx_word' id='word_1_38' title='bbox 2138 656 2283 696; x_wconf 91' lang='lat' dir='ltr'>motu</span> 
     </span>
     <span class='ocr_line' id='line_1_6' title="bbox 135 736 2282 806; baseline -0.003 -16"><span class='ocrx_word' id='word_1_39' title='bbox 135 757 246 790; x_wconf 90' lang='lat' dir='ltr'>non</span> <span class='ocrx_word' id='word_1_40' title='bbox 270 748 499 789; x_wconf 89' lang='lat' dir='ltr'>mutatur</span> <span class='ocrx_word' id='word_1_41' title='bbox 524 739 730 790; x_wconf 88' lang='lat' dir='ltr'>attritus</span> <span class='ocrx_word' id='word_1_42' title='bbox 756 748 966 790; x_wconf 88' lang='lat' dir='ltr'>mutuus</span> <span class='ocrx_word' id='word_1_43' title='bbox 990 737 1216 806; x_wconf 87' lang='lat' dir='ltr'>partium</span> <span class='ocrx_word' id='word_1_44' title='bbox 1250 736 1414 799; x_wconf 90' lang='lat' dir='ltr'>fluidi,</span> <span class='ocrx_word' id='word_1_45' title='bbox 1460 754 1566 786; x_wconf 92' lang='lat' dir='ltr'>non</span> <span class='ocrx_word' id='word_1_46' title='bbox 1603 736 1944 786; x_wconf 87' lang='lat' dir='ltr'>mutabuntur</span> <span class='ocrx_word' id='word_1_47' title='bbox 1968 743 2138 785; x_wconf 90' lang='lat' dir='ltr'>motus</span> <span class='ocrx_word' id='word_1_48' title='bbox 2163 751 2282 802; x_wconf 86' lang='lat' dir='ltr'>par-</span> 
     </span>
     <span class='ocr_line' id='line_1_7' title="bbox 133 827 2277 897; baseline -0.002 -16"><span class='ocrx_word' id='word_1_49' title='bbox 133 830 265 882; x_wconf 80' lang='lat' dir='ltr'>tiUm</span> <span class='ocrx_word' id='word_1_50' title='bbox 289 829 424 881; x_wconf 91' lang='lat' dir='ltr'>inter</span> <span class='ocrx_word' id='word_1_51' title='bbox 449 849 520 882; x_wconf 89' lang='lat' dir='ltr'>se.</span> <span class='ocrx_word' id='word_1_52' title='bbox 597 831 736 883; x_wconf 90' lang='lat' dir='ltr'>Nam</span> <span class='ocrx_word' id='word_1_53' title='bbox 760 830 1120 883; x_wconf 84' lang='lat' dir='ltr'>translationes</span> <span class='ocrx_word' id='word_1_54' title='bbox 1144 828 1372 897; x_wconf 90' lang='lat' dir='ltr'>partium</span> <span class='ocrx_word' id='word_1_55' title='bbox 1397 828 1462 880; x_wconf 89' lang='lat' dir='ltr'>ab</span> <span class='ocrx_word' id='word_1_56' title='bbox 1489 828 1709 879; x_wconf 89' lang='lat' dir='ltr'>invicem</span> <span class='ocrx_word' id='word_1_57' title='bbox 1733 827 1967 896; x_wconf 91' lang='lat' dir='ltr'>pendent</span> <span class='ocrx_word' id='word_1_58' title='bbox 1991 827 2056 878; x_wconf 90' lang='lat' dir='ltr'>ab</span> <span class='ocrx_word' id='word_1_59' title='bbox 2083 827 2277 877; x_wconf 87' lang='lat' dir='ltr'>attritu.</span> 
     </span>
     <span class='ocr_line' id='line_1_8' title="bbox 136 917 2279 992; baseline -0.003 -18"><span class='ocrx_word' id='word_1_60' title='bbox 136 921 266 974; x_wconf 85' lang='lat' dir='ltr'>Pars</span> <span class='ocrx_word' id='word_1_61' title='bbox 293 920 538 992; x_wconf 85' lang='lat' dir='ltr'>quaelibet</span> <span class='ocrx_word' id='word_1_62' title='bbox 563 921 617 972; x_wconf 90' lang='lat' dir='ltr'>in</span> <span class='ocrx_word' id='word_1_63' title='bbox 643 940 705 973; x_wconf 95' lang='lat' dir='ltr'>eo</span> <span class='ocrx_word' id='word_1_64' title='bbox 729 920 1080 990; x_wconf 86' lang='lat' dir='ltr'>perseverabit</span> <span class='ocrx_word' id='word_1_65' title='bbox 1103 928 1265 982; x_wconf 90' lang='lat' dir='ltr'>motu,</span> <span class='ocrx_word' id='word_1_66' title='bbox 1297 918 1401 989; x_wconf 91' lang='lat' dir='ltr'>qui,</span> <span class='ocrx_word' id='word_1_67' title='bbox 1442 919 1620 969; x_wconf 89' lang='lat' dir='ltr'>attritu</span> <span class='ocrx_word' id='word_1_68' title='bbox 1643 918 1889 988; x_wconf 90' lang='lat' dir='ltr'>utrinque</span> <span class='ocrx_word' id='word_1_69' title='bbox 1916 917 1969 967; x_wconf 92' lang='lat' dir='ltr'>in</span> <span class='ocrx_word' id='word_1_70' title='bbox 1997 917 2279 968; x_wconf 89' lang='lat' dir='ltr'>contrarias</span> 
     </span>
     <span class='ocr_line' id='line_1_9' title="bbox 132 1007 1654 1084; baseline -0.003 -20"><span class='ocrx_word' id='word_1_71' title='bbox 132 1021 304 1081; x_wconf 88' lang='lat' dir='ltr'>partes</span> <span class='ocrx_word' id='word_1_72' title='bbox 330 1012 481 1077; x_wconf 89' lang='lat' dir='ltr'>fact0,</span> <span class='ocrx_word' id='word_1_73' title='bbox 511 1031 617 1064; x_wconf 90' lang='lat' dir='ltr'>non</span> <span class='ocrx_word' id='word_1_74' title='bbox 638 1013 800 1084; x_wconf 80' lang='lat' dir='ltr'>magis</span> <span class='ocrx_word' id='word_1_75' title='bbox 828 1012 1144 1064; x_wconf 84' lang='lat' dir='ltr'>acceleratur</span> <span class='ocrx_word' id='word_1_76' title='bbox 1168 1007 1321 1080; x_wconf 75' lang='lat' dir='ltr'>quam</span> <span class='ocrx_word' id='word_1_77' title='bbox 1346 1009 1654 1061; x_wconf 85' lang='lat' dir='ltr'>retardatur.</span> 
     </span>
    </p>

    <p class='ocr_par' dir='ltr' id='par_1_4' title="bbox 134 1097 2279 1353">
     <span class='ocr_line' id='line_1_10' title="bbox 210 1097 2278 1175; baseline -0.003 -20"><span class='ocrx_word' id='word_1_78' title='bbox 210 1103 373 1155; x_wconf 85' lang='lat' dir='ltr'>Corol.</span> <span class='ocrx_word' id='word_1_79' title='bbox 401 1112 451 1156; x_wconf 79' lang='lat'>4.</span> <span class='ocrx_word' id='word_1_80' title='bbox 505 1104 665 1157; x_wconf 85' lang='lat' dir='ltr'>Unde</span> <span class='ocrx_word' id='word_1_81' title='bbox 692 1105 734 1156; x_wconf 86' lang='lat' dir='ltr'>si</span> <span class='ocrx_word' id='word_1_82' title='bbox 759 1104 853 1156; x_wconf 90' lang='lat' dir='ltr'>toti</span> <span class='ocrx_word' id='word_1_83' title='bbox 879 1103 1232 1175; x_wconf 86' lang='lat' dir='ltr'>cylindrorum</span> <span class='ocrx_word' id='word_1_84' title='bbox 1257 1110 1309 1153; x_wconf 93' lang='lat' dir='ltr'>et</span> <span class='ocrx_word' id='word_1_85' title='bbox 1332 1099 1479 1151; x_wconf 89' lang='lat' dir='ltr'>fluidi</span> <span class='ocrx_word' id='word_1_86' title='bbox 1518 1097 1784 1170; x_wconf 85' lang='lat' dir='ltr'>systemati</span> <span class='ocrx_word' id='word_1_87' title='bbox 1809 1097 2070 1149; x_wconf 85' lang='lat' dir='ltr'>auferatur</span> <span class='ocrx_word' id='word_1_88' title='bbox 2106 1108 2278 1149; x_wconf 89' lang='lat' dir='ltr'>motus</span> 
     </span>
     <span class='ocr_line' id='line_1_11' title="bbox 134 1187 2279 1266; baseline -0.002 -24"><span class='ocrx_word' id='word_1_89' title='bbox 134 1193 302 1244; x_wconf 85' lang='lat' dir='ltr'>omnis</span> <span class='ocrx_word' id='word_1_90' title='bbox 338 1195 600 1265; x_wconf 85' lang='lat' dir='ltr'>angularis</span> <span class='ocrx_word' id='word_1_91' title='bbox 638 1195 858 1266; x_wconf 86' lang='lat' dir='ltr'>cylindri</span> <span class='ocrx_word' id='word_1_92' title='bbox 883 1194 1168 1259; x_wconf 83' lang='lat' dir='ltr'>exterioriS,</span> <span class='ocrx_word' id='word_1_93' title='bbox 1211 1191 1273 1262; x_wconf 75' lang='lat'>(¹¹)</span> <span class='ocrx_word' id='word_1_94' title='bbox 1299 1191 1573 1245; x_wconf 85' lang='lat' dir='ltr'>habebitur</span> <span class='ocrx_word' id='word_1_95' title='bbox 1596 1199 1767 1243; x_wconf 89' lang='lat' dir='ltr'>motus</span> <span class='ocrx_word' id='word_1_96' title='bbox 1792 1190 1940 1242; x_wconf 90' lang='lat' dir='ltr'>fluidi</span> <span class='ocrx_word' id='word_1_97' title='bbox 1964 1190 2018 1240; x_wconf 89' lang='lat' dir='ltr'>in</span> <span class='ocrx_word' id='word_1_98' title='bbox 2044 1187 2279 1259; x_wconf 88' lang='lat' dir='ltr'>cylindro</span> 
     </span>
     <span class='ocr_line' id='line_1_12' title="bbox 143 1283 637 1353; baseline 0.01 -21"><span class='ocrx_word' id='word_1_99' title='bbox 143 1283 454 1353; x_wconf 86' lang='lat' dir='ltr'>quiescente.</span> <span class='ocrx_word' id='word_1_100' title='bbox 634 1296 637 1298; x_wconf 78' lang='grc'><strong>’</strong></span> 
     </span>
    </p>

    <p class='ocr_par' dir='ltr' id='par_1_5' title="bbox 134 1363 2280 1804">
     <span class='ocr_line' id='line_1_13' title="bbox 210 1363 2279 1445; baseline -0.005 -19"><span class='ocrx_word' id='word_1_101' title='bbox 210 1375 374 1426; x_wconf 83' lang='lat' dir='ltr'>Corol.</span> <span class='ocrx_word' id='word_1_102' title='bbox 404 1381 453 1427; x_wconf 87' lang='lat'>5.</span> <span class='ocrx_word' id='word_1_103' title='bbox 495 1374 665 1445; x_wconf 83' lang='lat' dir='ltr'>Igitur</span> <span class='ocrx_word' id='word_1_104' title='bbox 690 1375 733 1426; x_wconf 88' lang='lat' dir='ltr'>si</span> <span class='ocrx_word' id='word_1_105' title='bbox 756 1372 919 1425; x_wconf 90' lang='lat' dir='ltr'>fluido</span> <span class='ocrx_word' id='word_1_106' title='bbox 945 1382 997 1426; x_wconf 94' lang='lat' dir='ltr'>et</span> <span class='ocrx_word' id='word_1_107' title='bbox 1022 1373 1256 1444; x_wconf 90' lang='lat' dir='ltr'>cylindro</span> <span class='ocrx_word' id='word_1_108' title='bbox 1281 1371 1536 1424; x_wconf 85' lang='lat' dir='ltr'>exteriore</span> <span class='ocrx_word' id='word_1_109' title='bbox 1556 1366 1957 1441; x_wconf 84' lang='lat' dir='ltr'>quiescentibuS,</span> <span class='ocrx_word' id='word_1_110' title='bbox 1985 1363 2279 1417; x_wconf 89' lang='lat' dir='ltr'>revolvatur</span> 
     </span>
     <span class='ocr_line' id='line_1_14' title="bbox 135 1456 2275 1535; baseline -0.005 -19"><span class='ocrx_word' id='word_1_111' title='bbox 135 1464 402 1535; x_wconf 89' lang='lat' dir='ltr'>cylindrus</span> <span class='ocrx_word' id='word_1_112' title='bbox 439 1464 655 1516; x_wconf 88' lang='lat' dir='ltr'>interior</span> <span class='ocrx_word' id='word_1_113' title='bbox 691 1464 1043 1527; x_wconf 83' lang='lat' dir='ltr'>uniformiter3</span> <span class='ocrx_word' id='word_1_114' title='bbox 1086 1463 1551 1516; x_wconf 86' lang='lat' dir='ltr'>communicabitur</span> <span class='ocrx_word' id='word_1_115' title='bbox 1585 1471 1757 1514; x_wconf 89' lang='lat' dir='ltr'>motus</span> <span class='ocrx_word' id='word_1_116' title='bbox 1796 1458 2056 1512; x_wconf 89' lang='lat' dir='ltr'>circularis</span> <span class='ocrx_word' id='word_1_117' title='bbox 2095 1456 2275 1518; x_wconf 85' lang='lat' dir='ltr'>fluido,</span> 
     </span>
     <span class='ocr_line' id='line_1_15' title="bbox 134 1547 2280 1626; baseline -0.005 -19"><span class='ocrx_word' id='word_1_118' title='bbox 134 1565 187 1607; x_wconf 89' lang='lat' dir='ltr'>et</span> <span class='ocrx_word' id='word_1_119' title='bbox 221 1555 472 1623; x_wconf 88' lang='lat' dir='ltr'>paulatim</span> <span class='ocrx_word' id='word_1_120' title='bbox 502 1573 596 1624; x_wconf 88' lang='lat' dir='ltr'>per</span> <span class='ocrx_word' id='word_1_121' title='bbox 629 1564 794 1607; x_wconf 89' lang='lat' dir='ltr'>totum</span> <span class='ocrx_word' id='word_1_122' title='bbox 832 1554 1052 1607; x_wconf 90' lang='lat' dir='ltr'>fluidum</span> <span class='ocrx_word' id='word_1_123' title='bbox 1090 1554 1490 1626; x_wconf 84' lang='lat' dir='ltr'>propagabitur3</span> <span class='ocrx_word' id='word_1_124' title='bbox 1534 1571 1631 1605; x_wconf 91' lang='lat' dir='ltr'>nec</span> <span class='ocrx_word' id='word_1_125' title='bbox 1672 1552 1816 1622; x_wconf 87' lang='lat' dir='ltr'>prius</span> <span class='ocrx_word' id='word_1_126' title='bbox 1856 1550 2058 1602; x_wconf 90' lang='lat' dir='ltr'>desinet</span> <span class='ocrx_word' id='word_1_127' title='bbox 2101 1547 2280 1619; x_wconf 81' lang='lat' dir='ltr'>augeri</span> 
     </span>
     <span class='ocr_line' id='line_1_16' title="bbox 135 1639 2278 1717; baseline -0.003 -21"><span class='ocrx_word' id='word_1_128' title='bbox 135 1663 291 1714; x_wconf 89' lang='lat' dir='ltr'>quam</span> <span class='ocrx_word' id='word_1_129' title='bbox 331 1644 479 1697; x_wconf 88' lang='lat' dir='ltr'>fluidi</span> <span class='ocrx_word' id='word_1_130' title='bbox 520 1655 694 1714; x_wconf 90' lang='lat' dir='ltr'>partes</span> <span class='ocrx_word' id='word_1_131' title='bbox 735 1645 954 1717; x_wconf 83' lang='lat' dir='ltr'>singulae</span> <span class='ocrx_word' id='word_1_132' title='bbox 993 1655 1192 1697; x_wconf 87' lang='lat' dir='ltr'>motum</span> <span class='ocrx_word' id='word_1_133' title='bbox 1233 1644 1526 1698; x_wconf 89' lang='lat' dir='ltr'>Corollario</span> <span class='ocrx_word' id='word_1_134' title='bbox 1570 1650 1754 1714; x_wconf 88' lang='lat' dir='ltr'>quarto</span> <span class='ocrx_word' id='word_1_135' title='bbox 1799 1641 2072 1694; x_wconf 91' lang='lat' dir='ltr'>definitum</span> <span class='ocrx_word' id='word_1_136' title='bbox 2111 1639 2165 1709; x_wconf 89' lang='lat'>(¹)</span> <span class='ocrx_word' id='word_1_137' title='bbox 2194 1657 2278 1691; x_wconf 92' lang='lat' dir='ltr'>ac-</span> 
     </span>
     <span class='ocr_line' id='line_1_17' title="bbox 134 1733 357 1804; baseline -0.004 -19"><span class='ocrx_word' id='word_1_138' title='bbox 134 1733 357 1804; x_wconf 89' lang='lat' dir='ltr'>quirant.</span> 
     </span>
    </p>

    <p class='ocr_par' dir='ltr' id='par_1_6' title="bbox 134 1818 2276 2371">
     <span class='ocr_line' id='line_1_18' title="bbox 211 1818 2276 1891; baseline -0.004 -15"><span class='ocrx_word' id='word_1_139' title='bbox 211 1825 375 1876; x_wconf 82' lang='lat' dir='ltr'>Corol.</span> <span class='ocrx_word' id='word_1_140' title='bbox 405 1830 454 1875; x_wconf 87' lang='lat'>6.</span> <span class='ocrx_word' id='word_1_141' title='bbox 497 1822 569 1873; x_wconf 91' lang='lat' dir='ltr'>Et</span> <span class='ocrx_word' id='word_1_142' title='bbox 594 1821 840 1891; x_wconf 86' lang='lat' dir='ltr'>quoniam</span> <span class='ocrx_word' id='word_1_143' title='bbox 864 1822 1083 1874; x_wconf 88' lang='lat' dir='ltr'>fluidum</span> <span class='ocrx_word' id='word_1_144' title='bbox 1110 1832 1326 1874; x_wconf 92' lang='lat' dir='ltr'>conatur</span> <span class='ocrx_word' id='word_1_145' title='bbox 1350 1832 1551 1874; x_wconf 91' lang='lat' dir='ltr'>motum</span> <span class='ocrx_word' id='word_1_146' title='bbox 1579 1839 1729 1873; x_wconf 89' lang='lat' dir='ltr'>suum</span> <span class='ocrx_word' id='word_1_147' title='bbox 1766 1820 1938 1872; x_wconf 88' lang='lat' dir='ltr'>adhuc</span> <span class='ocrx_word' id='word_1_148' title='bbox 1962 1818 2117 1871; x_wconf 86' lang='lat' dir='ltr'>latius</span> <span class='ocrx_word' id='word_1_149' title='bbox 2153 1836 2276 1886; x_wconf 92' lang='lat' dir='ltr'>pro-</span> 
     </span>
     <span class='ocr_line' id='line_1_19' title="bbox 134 1909 2275 1992; baseline -0.003 -27"><span class='ocrx_word' id='word_1_150' title='bbox 134 1932 343 1985; x_wconf 84' lang='lat' dir='ltr'>pagare,</span> <span class='ocrx_word' id='word_1_151' title='bbox 372 1913 529 1992; x_wconf 62' lang='lat' dir='ltr'>hujus</span> <span class='ocrx_word' id='word_1_152' title='bbox 552 1914 750 1981; x_wconf 91' lang='lat' dir='ltr'>impetu</span> <span class='ocrx_word' id='word_1_153' title='bbox 775 1913 1151 1985; x_wconf 85' lang='lat' dir='ltr'>circumagetur</span> <span class='ocrx_word' id='word_1_154' title='bbox 1177 1914 1330 1965; x_wconf 85' lang='lat' dir='ltr'>etiam</span> <span class='ocrx_word' id='word_1_155' title='bbox 1357 1912 1620 1983; x_wconf 86' lang='lat' dir='ltr'>cylindrus</span> <span class='ocrx_word' id='word_1_156' title='bbox 1647 1911 1873 1963; x_wconf 85' lang='lat' dir='ltr'>exterior</span> <span class='ocrx_word' id='word_1_157' title='bbox 1898 1910 1997 1961; x_wconf 87' lang='lat' dir='ltr'>nisi</span> <span class='ocrx_word' id='word_1_158' title='bbox 2025 1909 2275 1960; x_wconf 90' lang='lat' dir='ltr'>violenter</span> 
     </span>
     <span class='ocr_line' id='line_1_20' title="bbox 136 1998 2271 2071; baseline -0.003 -17"><span class='ocrx_word' id='word_1_159' title='bbox 136 2004 402 2064; x_wconf 86' lang='lat' dir='ltr'>detentus3</span> <span class='ocrx_word' id='word_1_160' title='bbox 442 2012 494 2053; x_wconf 89' lang='lat' dir='ltr'>et</span> <span class='ocrx_word' id='word_1_161' title='bbox 517 2001 885 2053; x_wconf 88' lang='lat' dir='ltr'>accelerabitur</span> <span class='ocrx_word' id='word_1_162' title='bbox 911 2003 1019 2071; x_wconf 87' lang='lat' dir='ltr'>ejus</span> <span class='ocrx_word' id='word_1_163' title='bbox 1045 2011 1214 2053; x_wconf 91' lang='lat' dir='ltr'>motus</span> <span class='ocrx_word' id='word_1_164' title='bbox 1253 2002 1328 2070; x_wconf 78' lang='lat' dir='ltr'>(m)</span> <span class='ocrx_word' id='word_1_165' title='bbox 1358 2001 1530 2071; x_wconf 88' lang='lat' dir='ltr'>quoad</span> <span class='ocrx_word' id='word_1_166' title='bbox 1556 2019 1718 2070; x_wconf 91' lang='lat' dir='ltr'>usque</span> <span class='ocrx_word' id='word_1_167' title='bbox 1744 2009 1978 2067; x_wconf 88' lang='lat' dir='ltr'>tempora</span> <span class='ocrx_word' id='word_1_168' title='bbox 2004 1998 2271 2067; x_wconf 88' lang='lat' dir='ltr'>periodica</span> 
     </span>
     <span class='ocr_line' id='line_1_21' title="bbox 136 2086 2275 2163; baseline -0.003 -20"><span class='ocrx_word' id='word_1_169' title='bbox 136 2093 356 2163; x_wconf 91' lang='lat' dir='ltr'>cylindri</span> <span class='ocrx_word' id='word_1_170' title='bbox 380 2092 652 2162; x_wconf 86' lang='lat' dir='ltr'>utriusque</span> <span class='ocrx_word' id='word_1_171' title='bbox 677 2101 951 2161; x_wconf 82' lang='lat' dir='ltr'>aequentur</span> <span class='ocrx_word' id='word_1_172' title='bbox 976 2091 1110 2142; x_wconf 90' lang='lat' dir='ltr'>inter</span> <span class='ocrx_word' id='word_1_173' title='bbox 1135 2110 1205 2142; x_wconf 88' lang='lat' dir='ltr'>se.</span> <span class='ocrx_word' id='word_1_174' title='bbox 1283 2089 1444 2151; x_wconf 83' lang='lat' dir='ltr'>Quod</span> <span class='ocrx_word' id='word_1_175' title='bbox 1471 2090 1514 2140; x_wconf 89' lang='lat' dir='ltr'>si</span> <span class='ocrx_word' id='word_1_176' title='bbox 1540 2088 1802 2159; x_wconf 88' lang='lat' dir='ltr'>cylindrus</span> <span class='ocrx_word' id='word_1_177' title='bbox 1829 2087 2056 2139; x_wconf 89' lang='lat' dir='ltr'>exterior</span> <span class='ocrx_word' id='word_1_178' title='bbox 2080 2086 2275 2138; x_wconf 91' lang='lat' dir='ltr'>violen-</span> 
     </span>
     <span class='ocr_line' id='line_1_22' title="bbox 136 2179 2274 2250; baseline -0.003 -15"><span class='ocrx_word' id='word_1_179' title='bbox 136 2194 215 2235; x_wconf 91' lang='lat' dir='ltr'>ter</span> <span class='ocrx_word' id='word_1_180' title='bbox 240 2183 544 2246; x_wconf 87' lang='lat' dir='ltr'>detineatur,</span> <span class='ocrx_word' id='word_1_181' title='bbox 573 2182 845 2234; x_wconf 89' lang='lat' dir='ltr'>conabitur</span> <span class='ocrx_word' id='word_1_182' title='bbox 869 2181 912 2232; x_wconf 89' lang='lat' dir='ltr'>is</span> <span class='ocrx_word' id='word_1_183' title='bbox 939 2193 1136 2234; x_wconf 87' lang='lat' dir='ltr'>motum</span> <span class='ocrx_word' id='word_1_184' title='bbox 1154 2181 1300 2233; x_wconf 90' lang='lat' dir='ltr'>fluidi</span> <span class='ocrx_word' id='word_1_185' title='bbox 1325 2180 1616 2242; x_wconf 82' lang='lat' dir='ltr'>retardar03</span> <span class='ocrx_word' id='word_1_186' title='bbox 1655 2190 1706 2233; x_wconf 92' lang='lat' dir='ltr'>et</span> <span class='ocrx_word' id='word_1_187' title='bbox 1730 2180 1829 2231; x_wconf 88' lang='lat' dir='ltr'>nisi</span> <span class='ocrx_word' id='word_1_188' title='bbox 1856 2179 2119 2250; x_wconf 87' lang='lat' dir='ltr'>cylindrus</span> <span class='ocrx_word' id='word_1_189' title='bbox 2145 2179 2274 2230; x_wconf 90' lang='lat' dir='ltr'>inte-</span> 
     </span>
     <span class='ocr_line' id='line_1_23' title="bbox 1234 2320 2274 2371; baseline -0.004 -9"><span class='ocrx_word' id='word_1_190' title='bbox 1234 2324 1282 2362; x_wconf 85' lang='lat' dir='ltr'>ad</span> <span class='ocrx_word' id='word_1_191' title='bbox 1306 2324 1330 2360; x_wconf 94' lang='lat' dir='ltr'>S</span> <span class='ocrx_word' id='word_1_192' title='bbox 1351 2325 1405 2369; x_wconf 92' lang='lat' dir='ltr'>D,</span> <span class='ocrx_word' id='word_1_193' title='bbox 1434 2331 1480 2361; x_wconf 88' lang='lat' dir='ltr'>ut</span> <span class='ocrx_word' id='word_1_194' title='bbox 1506 2330 1659 2371; x_wconf 79' lang='lat' dir='ltr'>tempus</span> <span class='ocrx_word' id='word_1_195' title='bbox 1686 2329 1703 2360; x_wconf 85' lang='lat' dir='ltr'>t</span> <span class='ocrx_word' id='word_1_196' title='bbox 1723 2323 1760 2360; x_wconf 87' lang='lat' dir='ltr'><strong>E</strong></span> <span class='ocrx_word' id='word_1_197' title='bbox 1788 2321 1837 2360; x_wconf 83' lang='lat' dir='ltr'>ad</span> <span class='ocrx_word' id='word_1_198' title='bbox 1865 2329 2017 2370; x_wconf 88' lang='lat' dir='ltr'>tempus</span> <span class='ocrx_word' id='word_1_199' title='bbox 2035 2320 2274 2369; x_wconf 87' lang='lat' dir='ltr'>periodicum</span> 
     </span>
    </p>
   </div>
   <div class='ocr_carea' id='block_1_3' title="bbox 1232 2373 2275 2472">
    <p class='ocr_par' dir='ltr' id='par_1_7' title="bbox 1232 2373 2275 2472">
     <span class='ocr_line' id='line_1_24' title="bbox 1232 2373 2275 2464; baseline -0.003 -49"><span class='ocrx_word' id='word_1_200' title='bbox 1232 2377 1431 2426; x_wconf 85' lang='lat' dir='ltr'>particulae</span> <span class='ocrx_word' id='word_1_201' title='bbox 1463 2378 1501 2414; x_wconf 92' lang='lat' dir='ltr'>D</span> <span class='ocrx_word' id='word_1_202' title='bbox 1522 2377 1563 2413; x_wconf 90' lang='lat' dir='ltr'>in</span> <span class='ocrx_word' id='word_1_203' title='bbox 1591 2375 1765 2425; x_wconf 84' lang='lat' dir='ltr'>cylindro</span> <span class='ocrx_word' id='word_1_204' title='bbox 1792 2376 2009 2425; x_wconf 88' lang='lat' dir='ltr'>quiescente</span> <span class='ocrx_word' id='word_1_205' title='bbox 2024 2382 2117 2464; x_wconf 66' lang='lat' dir='ltr'>;Se1t]</span> <span class='ocrx_word' id='word_1_206' title='bbox 2130 2373 2275 2464; x_wconf 72' lang='lat' dir='ltr'>ideoFsi</span> 
     </span>
     <span class='ocr_line' id='line_1_25' title="bbox 2131 2433 2249 2472; baseline 0 -9"><span class='ocrx_word' id='word_1_207' title='bbox 2131 2433 2197 2472; x_wconf 86' lang='lat' dir='ltr'>&gt;&lt;t</span> <span class='ocrx_word' id='word_1_208' title='bbox 2236 2451 2249 2463; x_wconf 74' lang='grc'><em>,</em></span> 
     </span>
    </p>
   </div>
   <div class='ocr_carea' id='block_1_4' title="bbox 1234 2491 2272 2595">
    <p class='ocr_par' dir='ltr' id='par_1_8' title="bbox 1234 2491 2272 2595">
     <span class='ocr_line' id='line_1_26' title="bbox 2173 2491 2272 2508; baseline 0 0"><span class='ocrx_word' id='word_1_209' title='bbox 2173 2494 2184 2505; x_wconf 58' lang='grc' dir='ltr'><strong>Ἰ</strong></span> <span class='ocrx_word' id='word_1_210' title='bbox 2259 2491 2272 2508; x_wconf 72' lang='lat'><em>2</em></span> 
     </span>
     <span class='ocr_line' id='line_1_27' title="bbox 1234 2494 2271 2595; baseline -0.003 -9"><span class='ocrx_word' id='word_1_211' title='bbox 1234 2555 1272 2586; x_wconf 88' lang='lat' dir='ltr'>et</span> <span class='ocrx_word' id='word_1_212' title='bbox 1290 2547 1403 2585; x_wconf 86' lang='lat' dir='ltr'>simili</span> <span class='ocrx_word' id='word_1_213' title='bbox 1423 2547 1539 2584; x_wconf 90' lang='lat' dir='ltr'>modo</span> <span class='ocrx_word' id='word_1_214' title='bbox 1559 2555 1712 2595; x_wconf 82' lang='lat' dir='ltr'>tempus</span> <span class='ocrx_word' id='word_1_215' title='bbox 1738 2545 1975 2595; x_wconf 89' lang='lat' dir='ltr'>periodicum</span> <span class='ocrx_word' id='word_1_216' title='bbox 2004 2494 2201 2592; x_wconf 50' lang='lat' dir='ltr'>partiguiie</span> <span class='ocrx_word' id='word_1_217' title='bbox 2233 2547 2271 2583; x_wconf 91' lang='lat' dir='ltr'>A</span> 
     </span>
    </p>
   </div>
   <div class='ocr_carea' id='block_1_5' title="bbox 133 2323 1181 2576">
    <p class='ocr_par' dir='ltr' id='par_1_9' title="bbox 136 2323 1180 2429">
     <span class='ocr_line' id='line_1_28' title="bbox 136 2323 1180 2374; baseline -0.001 -10"><span class='ocrx_word' id='word_1_218' title='bbox 136 2325 282 2372; x_wconf 80' lang='lat' dir='ltr'>cedere,</span> <span class='ocrx_word' id='word_1_219' title='bbox 302 2332 359 2364; x_wconf 86' lang='lat' dir='ltr'>est</span> <span class='ocrx_word' id='word_1_220' title='bbox 375 2333 420 2363; x_wconf 89' lang='lat' dir='ltr'>ut</span> <span class='ocrx_word' id='word_1_221' title='bbox 439 2324 574 2363; x_wconf 87' lang='lat' dir='ltr'>eadem</span> <span class='ocrx_word' id='word_1_222' title='bbox 594 2324 814 2374; x_wconf 86' lang='lat' dir='ltr'>superficies</span> <span class='ocrx_word' id='word_1_223' title='bbox 828 2323 971 2363; x_wconf 75' lang='lat' dir='ltr'>directe</span> <span class='ocrx_word' id='word_1_224' title='bbox 984 2332 1022 2363; x_wconf 88' lang='lat' dir='ltr'>et</span> <span class='ocrx_word' id='word_1_225' title='bbox 1036 2324 1180 2363; x_wconf 87' lang='lat' dir='ltr'>distan-</span> 
     </span>
     <span class='ocr_line' id='line_1_29' title="bbox 137 2376 989 2429; baseline -0.002 -12"><span class='ocrx_word' id='word_1_226' title='bbox 137 2380 191 2417; x_wconf 87' lang='lat' dir='ltr'>tia</span> <span class='ocrx_word' id='word_1_227' title='bbox 210 2380 292 2429; x_wconf 83' lang='lat' dir='ltr'>ejus</span> <span class='ocrx_word' id='word_1_228' title='bbox 310 2381 359 2417; x_wconf 82' lang='lat' dir='ltr'>ab</span> <span class='ocrx_word' id='word_1_229' title='bbox 377 2392 447 2417; x_wconf 86' lang='lat' dir='ltr'>axe</span> <span class='ocrx_word' id='word_1_230' title='bbox 466 2376 628 2422; x_wconf 68' lang='lat' dir='ltr'>inverse,</span> <span class='ocrx_word' id='word_1_231' title='bbox 651 2386 689 2416; x_wconf 88' lang='lat' dir='ltr'>et</span> <span class='ocrx_word' id='word_1_232' title='bbox 706 2377 795 2417; x_wconf 72' lang='lat' dir='ltr'>ideo</span> <span class='ocrx_word' id='word_1_233' title='bbox 814 2378 903 2416; x_wconf 87' lang='lat' dir='ltr'>data</span> <span class='ocrx_word' id='word_1_234' title='bbox 921 2385 989 2416; x_wconf 88' lang='lat' dir='ltr'>est.</span> 
     </span>
    </p>

    <p class='ocr_par' dir='ltr' id='par_1_10' title="bbox 133 2432 1181 2576">
     <span class='ocr_line' id='line_1_30' title="bbox 194 2432 1181 2482; baseline -0.003 -10"><span class='ocrx_word' id='word_1_235' title='bbox 194 2432 244 2482; x_wconf 61' lang='grc' dir='ltr'>(ἱ)</span> <span class='ocrx_word' id='word_1_236' title='bbox 285 2436 306 2457; x_wconf 72' lang='lat'>²*</span> <span class='ocrx_word' id='word_1_237' title='bbox 345 2435 482 2472; x_wconf 81' lang='lat' dir='ltr'>Erunt</span> <span class='ocrx_word' id='word_1_238' title='bbox 512 2434 692 2482; x_wconf 78' lang='lat' dir='ltr'>partium</span> <span class='ocrx_word' id='word_1_239' title='bbox 732 2434 977 2481; x_wconf 80' lang='lat' dir='ltr'>singularum</span> <span class='ocrx_word' id='word_1_240' title='bbox 1013 2439 1181 2481; x_wconf 79' lang='lat' dir='ltr'>tempora</span> 
     </span>
     <span class='ocr_line' id='line_1_31' title="bbox 133 2484 1178 2536; baseline -0.001 -13"><span class='ocrx_word' id='word_1_241' title='bbox 133 2488 326 2536; x_wconf 80' lang='lat' dir='ltr'>periodica</span> <span class='ocrx_word' id='word_1_242' title='bbox 354 2494 413 2531; x_wconf 84' lang='lat' dir='ltr'>ut,</span> <span class='ocrx_word' id='word_1_243' title='bbox 448 2486 517 2523; x_wconf 74' lang='grc' dir='ltr'>διε.</span> <span class='ocrx_word' id='word_1_244' title='bbox 583 2485 708 2529; x_wconf 88' lang='lat' dir='ltr'>Patet,</span> <span class='ocrx_word' id='word_1_245' title='bbox 737 2484 828 2535; x_wconf 89' lang='lat' dir='ltr'>quia</span> <span class='ocrx_word' id='word_1_246' title='bbox 853 2484 1048 2534; x_wconf 87' lang='lat' dir='ltr'>cylindrus</span> <span class='ocrx_word' id='word_1_247' title='bbox 1074 2492 1178 2522; x_wconf 87' lang='lat' dir='ltr'>exte-</span> 
     </span>
     <span class='ocr_line' id='line_1_32' title="bbox 140 2537 1180 2576; baseline 0 -2"><span class='ocrx_word' id='word_1_248' title='bbox 140 2539 218 2576; x_wconf 85' lang='lat' dir='ltr'>rior</span> <span class='ocrx_word' id='word_1_249' title='bbox 243 2538 427 2576; x_wconf 86' lang='lat' dir='ltr'>uniformi</span> <span class='ocrx_word' id='word_1_250' title='bbox 457 2538 658 2576; x_wconf 85' lang='lat' dir='ltr'>velocitate</span> <span class='ocrx_word' id='word_1_251' title='bbox 684 2547 813 2576; x_wconf 87' lang='lat' dir='ltr'>motus</span> <span class='ocrx_word' id='word_1_252' title='bbox 841 2537 971 2575; x_wconf 88' lang='lat' dir='ltr'>locum</span> <span class='ocrx_word' id='word_1_253' title='bbox 991 2545 1096 2575; x_wconf 88' lang='lat' dir='ltr'>tenet</span> <span class='ocrx_word' id='word_1_254' title='bbox 1115 2551 1180 2575; x_wconf 90' lang='lat' dir='ltr'>su-</span> 
     </span>
    </p>
   </div>
   <div class='ocr_carea' id='block_1_6' title="bbox 1233 2460 2014 2511">
    <p class='ocr_par' dir='ltr' id='par_1_11' title="bbox 1233 2460 2014 2511">
     <span class='ocr_line' id='line_1_33' title="bbox 1233 2460 2014 2511; baseline -0.006 -11"><span class='ocrx_word' id='word_1_255' title='bbox 1233 2463 1307 2500; x_wconf 93' lang='lat' dir='ltr'>hoc</span> <span class='ocrx_word' id='word_1_256' title='bbox 1321 2469 1474 2511; x_wconf 89' lang='lat' dir='ltr'>tempus</span> <span class='ocrx_word' id='word_1_257' title='bbox 1487 2460 1637 2499; x_wconf 89' lang='lat' dir='ltr'>dicatur</span> <span class='ocrx_word' id='word_1_258' title='bbox 1651 2461 1687 2498; x_wconf 93' lang='lat' dir='ltr'>T</span> <span class='ocrx_word' id='word_1_259' title='bbox 1702 2461 1755 2507; x_wconf 88' lang='lat' dir='ltr'>D,</span> <span class='ocrx_word' id='word_1_260' title='bbox 1768 2460 1839 2498; x_wconf 88' lang='lat' dir='ltr'>erit</span> <span class='ocrx_word' id='word_1_261' title='bbox 1856 2460 1891 2498; x_wconf 96' lang='lat' dir='ltr'>T</span> <span class='ocrx_word' id='word_1_262' title='bbox 1906 2460 1946 2497; x_wconf 91' lang='lat' dir='ltr'>D</span> <span class='ocrx_word' id='word_1_263' title='bbox 1958 2476 2014 2495; x_wconf 90' lang='lat'>=</span> 
     </span>
    </p>
   </div>
   <div class='ocr_carea' id='block_1_7' title="bbox 2032 2483 2134 2489">
    <p class='ocr_par' dir='ltr' id='par_1_12' title="bbox 2032 2483 2134 2489">
     <span class='ocr_line' id='line_1_34' title="bbox 2032 2483 2134 2489; baseline 0 0"><span class='ocrx_word' id='word_1_264' title='bbox 2032 2483 2134 2489; x_wconf 95' lang='lat' dir='ltr'> </span> 
     </span>
    </p>
   </div>
   <div class='ocr_carea' id='block_1_8' title="bbox 2143 2482 2244 2487">
    <p class='ocr_par' dir='ltr' id='par_1_13' title="bbox 2143 2482 2244 2487">
     <span class='ocr_line' id='line_1_35' title="bbox 2143 2482 2244 2487; baseline 0 0"><span class='ocrx_word' id='word_1_265' title='bbox 2143 2482 2244 2487; x_wconf 95' lang='lat' dir='ltr'> </span> 
     </span>
    </p>
   </div>
   <div class='ocr_carea' id='block_1_9' title="bbox 139 2590 1182 3809">
    <p class='ocr_par' dir='ltr' id='par_1_14' title="bbox 139 2590 1180 2683">
     <span class='ocr_line' id='line_1_36' title="bbox 139 2590 1180 2642; baseline 0 -14"><span class='ocrx_word' id='word_1_266' title='bbox 139 2591 305 2640; x_wconf 84' lang='lat' dir='ltr'>perficiei</span> <span class='ocrx_word' id='word_1_267' title='bbox 326 2591 554 2642; x_wconf 87' lang='lat' dir='ltr'>cylindricae‚</span> <span class='ocrx_word' id='word_1_268' title='bbox 575 2604 663 2642; x_wconf 88' lang='lat' dir='ltr'>quae</span> <span class='ocrx_word' id='word_1_269' title='bbox 674 2590 715 2628; x_wconf 89' lang='lat' dir='ltr'>in</span> <span class='ocrx_word' id='word_1_270' title='bbox 731 2591 1054 2629; x_wconf 85' lang='lat' dir='ltr'>demonstratione</span> <span class='ocrx_word' id='word_1_271' title='bbox 1072 2590 1180 2629; x_wconf 89' lang='lat' dir='ltr'>adhi-</span> 
     </span>
     <span class='ocr_line' id='line_1_37' title="bbox 140 2644 305 2683; baseline 0.006 -1"><span class='ocrx_word' id='word_1_272' title='bbox 140 2644 220 2683; x_wconf 90' lang='lat' dir='ltr'>bita</span> <span class='ocrx_word' id='word_1_273' title='bbox 238 2652 305 2683; x_wconf 86' lang='lat' dir='ltr'>est.</span> 
     </span>
    </p>

    <p class='ocr_par' dir='ltr' id='par_1_15' title="bbox 141 2697 1182 3809">
     <span class='ocr_line' id='line_1_38' title="bbox 196 2697 1176 2749; baseline -0.003 -12"><span class='ocrx_word' id='word_1_274' title='bbox 196 2697 254 2748; x_wconf 71' lang='lat'>(¹²)</span> <span class='ocrx_word' id='word_1_275' title='bbox 278 2701 299 2721; x_wconf 75' lang='lat'>¹*</span> <span class='ocrx_word' id='word_1_276' title='bbox 322 2700 535 2737; x_wconf 83' lang='lat' dir='ltr'>Habebitur</span> <span class='ocrx_word' id='word_1_277' title='bbox 553 2705 677 2736; x_wconf 84' lang='lat' dir='ltr'>motus</span> <span class='ocrx_word' id='word_1_278' title='bbox 683 2699 806 2749; x_wconf 84' lang='lat' dir='ltr'>fluidi</span> <span class='ocrx_word' id='word_1_279' title='bbox 824 2700 864 2736; x_wconf 87' lang='lat' dir='ltr'>in</span> <span class='ocrx_word' id='word_1_280' title='bbox 884 2699 1053 2748; x_wconf 77' lang='lat' dir='ltr'>cylindro</span> <span class='ocrx_word' id='word_1_281' title='bbox 1074 2698 1176 2747; x_wconf 82' lang='lat' dir='ltr'>quie-</span> 
     </span>
     <span class='ocr_line' id='line_1_39' title="bbox 142 2750 1178 2800; baseline -0.003 -10"><span class='ocrx_word' id='word_1_282' title='bbox 142 2759 277 2790; x_wconf 82' lang='lat' dir='ltr'>scente.</span> <span class='ocrx_word' id='word_1_283' title='bbox 339 2751 397 2789; x_wconf 86' lang='lat' dir='ltr'>Sit</span> <span class='ocrx_word' id='word_1_284' title='bbox 431 2752 468 2789; x_wconf 91' lang='lat' dir='ltr'><strong>E</strong></span> <span class='ocrx_word' id='word_1_285' title='bbox 492 2751 534 2789; x_wconf 92' lang='lat' dir='ltr'><strong>K</strong></span> <span class='ocrx_word' id='word_1_286' title='bbox 556 2751 591 2788; x_wconf 86' lang='lat' dir='ltr'>P</span> <span class='ocrx_word' id='word_1_287' title='bbox 623 2750 819 2800; x_wconf 83' lang='lat' dir='ltr'>cylindrus</span> <span class='ocrx_word' id='word_1_288' title='bbox 850 2751 1025 2795; x_wconf 84' lang='lat' dir='ltr'>exterior,</span> <span class='ocrx_word' id='word_1_289' title='bbox 1065 2751 1178 2800; x_wconf 88' lang='lat' dir='ltr'>cujus</span> 
     </span>
     <span class='ocr_line' id='line_1_40' title="bbox 141 2803 1172 2853; baseline -0.002 -12"><span class='ocrx_word' id='word_1_290' title='bbox 141 2811 295 2852; x_wconf 89' lang='lat' dir='ltr'>tempus</span> <span class='ocrx_word' id='word_1_291' title='bbox 321 2804 561 2853; x_wconf 84' lang='lat' dir='ltr'>periodicum</span> <span class='ocrx_word' id='word_1_292' title='bbox 595 2803 634 2840; x_wconf 85' lang='lat' dir='ltr'>in</span> <span class='ocrx_word' id='word_1_293' title='bbox 666 2803 865 2853; x_wconf 84' lang='lat' dir='ltr'>hypothesi</span> <span class='ocrx_word' id='word_1_294' title='bbox 906 2803 1107 2841; x_wconf 90' lang='lat' dir='ltr'>Corollarii</span> <span class='ocrx_word' id='word_1_295' title='bbox 1136 2807 1172 2839; x_wconf 80' lang='lat'>2.</span> 
     </span>
     <span class='ocr_line' id='line_1_41' title="bbox 143 2856 1176 2907; baseline 0 -14"><span class='ocrx_word' id='word_1_296' title='bbox 143 2856 292 2894; x_wconf 82' lang='lat' dir='ltr'>dicatur</span> <span class='ocrx_word' id='word_1_297' title='bbox 319 2865 336 2895; x_wconf 86' lang='lat' dir='ltr'>t</span> <span class='ocrx_word' id='word_1_298' title='bbox 365 2858 427 2903; x_wconf 90' lang='lat' dir='ltr'>E;</span> <span class='ocrx_word' id='word_1_299' title='bbox 461 2865 499 2896; x_wconf 86' lang='lat' dir='ltr'>et</span> <span class='ocrx_word' id='word_1_300' title='bbox 529 2857 712 2907; x_wconf 89' lang='lat' dir='ltr'>quoniam</span> <span class='ocrx_word' id='word_1_301' title='bbox 746 2857 787 2893; x_wconf 89' lang='lat' dir='ltr'>in</span> <span class='ocrx_word' id='word_1_302' title='bbox 812 2856 946 2894; x_wconf 86' lang='lat' dir='ltr'>eadem</span> <span class='ocrx_word' id='word_1_303' title='bbox 977 2857 1176 2905; x_wconf 86' lang='lat' dir='ltr'>hypothesi</span> 
     </span>
     <span class='ocr_line' id='line_1_42' title="bbox 143 2909 1178 2959; baseline 0.001 -13"><span class='ocrx_word' id='word_1_304' title='bbox 143 2909 359 2948; x_wconf 87' lang='lat' dir='ltr'>velocitates</span> <span class='ocrx_word' id='word_1_305' title='bbox 385 2910 658 2959; x_wconf 85' lang='lat' dir='ltr'>particularum</span> <span class='ocrx_word' id='word_1_306' title='bbox 686 2909 872 2947; x_wconf 87' lang='lat' dir='ltr'>absolutae</span> <span class='ocrx_word' id='word_1_307' title='bbox 900 2917 992 2947; x_wconf 88' lang='lat' dir='ltr'>sunt</span> <span class='ocrx_word' id='word_1_308' title='bbox 1010 2909 1178 2959; x_wconf 81' lang='lat' dir='ltr'>aequales</span> 
     </span>
     <span class='ocr_line' id='line_1_43' title="bbox 146 2962 1178 3014; baseline -0.001 -14"><span class='ocrx_word' id='word_1_309' title='bbox 146 2964 233 3013; x_wconf 87' lang='lat' dir='ltr'>(per</span> <span class='ocrx_word' id='word_1_310' title='bbox 267 2963 355 3001; x_wconf 90' lang='lat' dir='ltr'>Cor.</span> <span class='ocrx_word' id='word_1_311' title='bbox 393 2963 464 3013; x_wconf 89' lang='grc'><strong>1.),</strong></span> <span class='ocrx_word' id='word_1_312' title='bbox 502 2962 666 3014; x_wconf 84' lang='lat' dir='ltr'>singulae</span> <span class='ocrx_word' id='word_1_313' title='bbox 701 2963 779 3000; x_wconf 86' lang='lat' dir='ltr'>illae</span> <span class='ocrx_word' id='word_1_314' title='bbox 814 2962 1012 3011; x_wconf 80' lang='lat' dir='ltr'>particulae</span> <span class='ocrx_word' id='word_1_315' title='bbox 1057 2962 1178 3010; x_wconf 87' lang='lat' dir='ltr'>spatia</span> 
     </span>
     <span class='ocr_line' id='line_1_44' title="bbox 145 3015 1175 3066; baseline 0.002 -15"><span class='ocrx_word' id='word_1_316' title='bbox 145 3016 306 3066; x_wconf 76' lang='lat' dir='ltr'>aequalia</span> <span class='ocrx_word' id='word_1_317' title='bbox 324 3015 460 3054; x_wconf 90' lang='lat' dir='ltr'>eodem</span> <span class='ocrx_word' id='word_1_318' title='bbox 478 3023 648 3063; x_wconf 87' lang='lat' dir='ltr'>tempore</span> <span class='ocrx_word' id='word_1_319' title='bbox 666 3023 683 3053; x_wconf 87' lang='lat' dir='ltr'>t</span> <span class='ocrx_word' id='word_1_320' title='bbox 704 3016 740 3054; x_wconf 84' lang='lat' dir='ltr'>E</span> <span class='ocrx_word' id='word_1_321' title='bbox 762 3015 986 3060; x_wconf 88' lang='lat' dir='ltr'>describent,</span> <span class='ocrx_word' id='word_1_322' title='bbox 1015 3016 1087 3052; x_wconf 90' lang='lat' dir='ltr'>hoc</span> <span class='ocrx_word' id='word_1_323' title='bbox 1107 3023 1175 3062; x_wconf 89' lang='lat' dir='ltr'>est,</span> 
     </span>
     <span class='ocr_line' id='line_1_45' title="bbox 145 3068 1177 3120; baseline 0 -15"><span class='ocrx_word' id='word_1_324' title='bbox 145 3069 266 3117; x_wconf 86' lang='lat' dir='ltr'>spatia</span> <span class='ocrx_word' id='word_1_325' title='bbox 284 3069 445 3120; x_wconf 84' lang='lat' dir='ltr'>aequalia</span> <span class='ocrx_word' id='word_1_326' title='bbox 470 3068 754 3118; x_wconf 82' lang='lat' dir='ltr'>peripheriaeE</span> <span class='ocrx_word' id='word_1_327' title='bbox 779 3068 821 3106; x_wconf 89' lang='lat' dir='ltr'><strong>K</strong></span> <span class='ocrx_word' id='word_1_328' title='bbox 844 3069 890 3114; x_wconf 93' lang='lat' dir='ltr'>P,</span> <span class='ocrx_word' id='word_1_329' title='bbox 920 3081 1035 3118; x_wconf 91' lang='lat' dir='ltr'>quam</span> <span class='ocrx_word' id='word_1_330' title='bbox 1055 3081 1177 3116; x_wconf 90' lang='lat' dir='ltr'>punc-</span> 
     </span>
     <span class='ocr_line' id='line_1_46' title="bbox 145 3121 1174 3171; baseline -0.001 -12"><span class='ocrx_word' id='word_1_331' title='bbox 145 3129 230 3159; x_wconf 88' lang='lat' dir='ltr'>tum</span> <span class='ocrx_word' id='word_1_332' title='bbox 252 3121 288 3159; x_wconf 91' lang='lat' dir='ltr'><strong>E</strong></span> <span class='ocrx_word' id='word_1_333' title='bbox 309 3130 478 3171; x_wconf 86' lang='lat' dir='ltr'>tempore</span> <span class='ocrx_word' id='word_1_334' title='bbox 496 3131 512 3159; x_wconf 88' lang='lat' dir='ltr'>t</span> <span class='ocrx_word' id='word_1_335' title='bbox 534 3122 570 3160; x_wconf 86' lang='lat' dir='ltr'>E</span> <span class='ocrx_word' id='word_1_336' title='bbox 591 3122 785 3170; x_wconf 85' lang='lat' dir='ltr'>percurrit.</span> <span class='ocrx_word' id='word_1_337' title='bbox 844 3122 936 3161; x_wconf 88' lang='lat' dir='ltr'>Jam</span> <span class='ocrx_word' id='word_1_338' title='bbox 964 3122 994 3158; x_wconf 89' lang='lat' dir='ltr'>si</span> <span class='ocrx_word' id='word_1_339' title='bbox 1023 3122 1091 3158; x_wconf 89' lang='lat' dir='ltr'>toti</span> <span class='ocrx_word' id='word_1_340' title='bbox 1111 3134 1174 3171; x_wconf 90' lang='lat' dir='ltr'>cy-</span> 
     </span>
     <span class='ocr_line' id='line_1_47' title="bbox 145 3174 1177 3224; baseline 0.001 -13"><span class='ocrx_word' id='word_1_341' title='bbox 145 3174 359 3212; x_wconf 89' lang='lat' dir='ltr'>lindrorum</span> <span class='ocrx_word' id='word_1_342' title='bbox 393 3183 430 3213; x_wconf 87' lang='lat' dir='ltr'>et</span> <span class='ocrx_word' id='word_1_343' title='bbox 463 3175 571 3213; x_wconf 88' lang='lat' dir='ltr'>fluidi</span> <span class='ocrx_word' id='word_1_344' title='bbox 601 3175 796 3224; x_wconf 76' lang='lat' dir='ltr'>systemati</span> <span class='ocrx_word' id='word_1_345' title='bbox 823 3175 1018 3213; x_wconf 82' lang='lat' dir='ltr'>auferatur</span> <span class='ocrx_word' id='word_1_346' title='bbox 1049 3182 1177 3213; x_wconf 86' lang='lat' dir='ltr'>motus</span> 
     </span>
     <span class='ocr_line' id='line_1_48' title="bbox 145 3227 1177 3278; baseline 0 -12"><span class='ocrx_word' id='word_1_347' title='bbox 145 3228 271 3266; x_wconf 87' lang='lat' dir='ltr'>omnis</span> <span class='ocrx_word' id='word_1_348' title='bbox 289 3227 492 3278; x_wconf 63' lang='lat' dir='ltr'>angularia</span> <span class='ocrx_word' id='word_1_349' title='bbox 553 3228 727 3278; x_wconf 89' lang='lat' dir='ltr'>Cylindri</span> <span class='ocrx_word' id='word_1_350' title='bbox 742 3228 961 3274; x_wconf 86' lang='lat' dir='ltr'>exterioris;</span> <span class='ocrx_word' id='word_1_351' title='bbox 989 3240 1035 3265; x_wconf 87' lang='lat' dir='ltr'>ex</span> <span class='ocrx_word' id='word_1_352' title='bbox 1054 3228 1177 3277; x_wconf 81' lang='lat' dir='ltr'>spatio</span> 
     </span>
     <span class='ocr_line' id='line_1_49' title="bbox 150 3280 1177 3331; baseline 0.001 -13"><span class='ocrx_word' id='word_1_353' title='bbox 150 3280 187 3318; x_wconf 88' lang='lat' dir='ltr'><strong>E</strong></span> <span class='ocrx_word' id='word_1_354' title='bbox 217 3280 258 3318; x_wconf 88' lang='lat' dir='ltr'>K</span> <span class='ocrx_word' id='word_1_355' title='bbox 281 3281 326 3326; x_wconf 92' lang='lat' dir='ltr'>P,</span> <span class='ocrx_word' id='word_1_356' title='bbox 361 3283 464 3331; x_wconf 89' lang='lat' dir='ltr'>quod</span> <span class='ocrx_word' id='word_1_357' title='bbox 491 3281 654 3331; x_wconf 82' lang='lat' dir='ltr'>singulae</span> <span class='ocrx_word' id='word_1_358' title='bbox 681 3281 877 3330; x_wconf 87' lang='lat' dir='ltr'>particulae</span> <span class='ocrx_word' id='word_1_359' title='bbox 908 3282 1079 3329; x_wconf 81' lang='lat' dir='ltr'>tempore</span> <span class='ocrx_word' id='word_1_360' title='bbox 1106 3288 1122 3319; x_wconf 87' lang='lat' dir='ltr'>t</span> <span class='ocrx_word' id='word_1_361' title='bbox 1141 3282 1177 3319; x_wconf 87' lang='lat' dir='ltr'><strong>E</strong></span> 
     </span>
     <span class='ocr_line' id='line_1_50' title="bbox 145 3333 1179 3386; baseline 0 -15"><span class='ocrx_word' id='word_1_362' title='bbox 145 3333 376 3380; x_wconf 89' lang='lat' dir='ltr'>describunt,</span> <span class='ocrx_word' id='word_1_363' title='bbox 410 3334 618 3372; x_wconf 84' lang='lat' dir='ltr'>auferenda</span> <span class='ocrx_word' id='word_1_364' title='bbox 648 3335 719 3373; x_wconf 86' lang='lat' dir='ltr'>erit</span> <span class='ocrx_word' id='word_1_365' title='bbox 744 3334 895 3386; x_wconf 82' lang='lat' dir='ltr'>integra</span> <span class='ocrx_word' id='word_1_366' title='bbox 920 3334 1054 3372; x_wconf 90' lang='lat' dir='ltr'>circuli</span> <span class='ocrx_word' id='word_1_367' title='bbox 1079 3334 1179 3383; x_wconf 88' lang='lat' dir='ltr'>peri-</span> 
     </span>
     <span class='ocr_line' id='line_1_51' title="bbox 145 3386 1179 3438; baseline 0.001 -14"><span class='ocrx_word' id='word_1_368' title='bbox 145 3387 289 3435; x_wconf 86' lang='lat' dir='ltr'>pheria,</span> <span class='ocrx_word' id='word_1_369' title='bbox 304 3400 419 3437; x_wconf 89' lang='lat' dir='ltr'>quam</span> <span class='ocrx_word' id='word_1_370' title='bbox 438 3387 624 3436; x_wconf 86' lang='lat' dir='ltr'>particula</span> <span class='ocrx_word' id='word_1_371' title='bbox 650 3388 831 3438; x_wconf 88' lang='lat' dir='ltr'>quaelibet</span> <span class='ocrx_word' id='word_1_372' title='bbox 857 3387 1012 3425; x_wconf 87' lang='lat' dir='ltr'>seorsim</span> <span class='ocrx_word' id='word_1_373' title='bbox 1040 3386 1179 3426; x_wconf 88' lang='lat' dir='ltr'>descri-</span> 
     </span>
     <span class='ocr_line' id='line_1_52' title="bbox 145 3439 1182 3491; baseline 0.001 -14"><span class='ocrx_word' id='word_1_374' title='bbox 145 3439 213 3486; x_wconf 88' lang='lat' dir='ltr'>bit,</span> <span class='ocrx_word' id='word_1_375' title='bbox 246 3447 292 3478; x_wconf 87' lang='lat' dir='ltr'>ut</span> <span class='ocrx_word' id='word_1_376' title='bbox 308 3441 492 3479; x_wconf 87' lang='lat' dir='ltr'>habeatur</span> <span class='ocrx_word' id='word_1_377' title='bbox 509 3440 674 3490; x_wconf 88' lang='lat' dir='ltr'>spatium</span> <span class='ocrx_word' id='word_1_378' title='bbox 702 3440 805 3491; x_wconf 90' lang='lat' dir='ltr'>quod</span> <span class='ocrx_word' id='word_1_379' title='bbox 833 3440 967 3479; x_wconf 86' lang='lat' dir='ltr'>eadem</span> <span class='ocrx_word' id='word_1_380' title='bbox 995 3441 1182 3489; x_wconf 82' lang='lat' dir='ltr'>particula</span> 
     </span>
     <span class='ocr_line' id='line_1_53' title="bbox 146 3493 1179 3544; baseline 0.002 -14"><span class='ocrx_word' id='word_1_381' title='bbox 146 3493 282 3531; x_wconf 89' lang='lat' dir='ltr'>eodem</span> <span class='ocrx_word' id='word_1_382' title='bbox 309 3501 478 3542; x_wconf 86' lang='lat' dir='ltr'>tempore</span> <span class='ocrx_word' id='word_1_383' title='bbox 495 3501 512 3532; x_wconf 86' lang='lat' dir='ltr'>t</span> <span class='ocrx_word' id='word_1_384' title='bbox 533 3494 569 3532; x_wconf 92' lang='lat' dir='ltr'><strong>E</strong></span> <span class='ocrx_word' id='word_1_385' title='bbox 588 3494 775 3542; x_wconf 86' lang='lat' dir='ltr'>percurrit</span> <span class='ocrx_word' id='word_1_386' title='bbox 792 3493 1025 3544; x_wconf 81' lang='lat' dir='ltr'>incylindro</span> <span class='ocrx_word' id='word_1_387' title='bbox 1051 3495 1179 3544; x_wconf 82' lang='lat' dir='ltr'>quies-</span> 
     </span>
     <span class='ocr_line' id='line_1_54' title="bbox 147 3547 1179 3598; baseline 0.001 -15"><span class='ocrx_word' id='word_1_388' title='bbox 147 3553 266 3584; x_wconf 88' lang='lat' dir='ltr'>cente.</span> <span class='ocrx_word' id='word_1_389' title='bbox 329 3547 418 3585; x_wconf 80' lang='lat' dir='ltr'>Erit</span> <span class='ocrx_word' id='word_1_390' title='bbox 442 3547 561 3598; x_wconf 85' lang='lat' dir='ltr'>igitur</span> <span class='ocrx_word' id='word_1_391' title='bbox 589 3547 626 3584; x_wconf 87' lang='lat' dir='ltr'>E</span> <span class='ocrx_word' id='word_1_392' title='bbox 649 3547 690 3585; x_wconf 90' lang='lat' dir='ltr'><strong>K</strong></span> <span class='ocrx_word' id='word_1_393' title='bbox 713 3547 748 3585; x_wconf 92' lang='lat' dir='ltr'>P</span> <span class='ocrx_word' id='word_1_394' title='bbox 766 3569 818 3577; x_wconf 89' lang='lat'>-—</span> <span class='ocrx_word' id='word_1_395' title='bbox 840 3548 880 3585; x_wconf 93' lang='lat' dir='ltr'>D</span> <span class='ocrx_word' id='word_1_396' title='bbox 904 3548 923 3585; x_wconf 93' lang='lat'>1</span> <span class='ocrx_word' id='word_1_397' title='bbox 948 3547 984 3584; x_wconf 96' lang='lat' dir='ltr'>O</span> <span class='ocrx_word' id='word_1_398' title='bbox 1013 3547 1179 3595; x_wconf 85' lang='lat' dir='ltr'>spatium</span> 
     </span>
     <span class='ocr_line' id='line_1_55' title="bbox 147 3599 1177 3651; baseline 0.002 -15"><span class='ocrx_word' id='word_1_399' title='bbox 147 3599 250 3648; x_wconf 87' lang='lat' dir='ltr'>quod</span> <span class='ocrx_word' id='word_1_400' title='bbox 268 3600 455 3648; x_wconf 82' lang='lat' dir='ltr'>particula</span> <span class='ocrx_word' id='word_1_401' title='bbox 481 3599 624 3651; x_wconf 88' lang='lat' dir='ltr'>quaevis</span> <span class='ocrx_word' id='word_1_402' title='bbox 645 3601 686 3638; x_wconf 92' lang='lat' dir='ltr'>D</span> <span class='ocrx_word' id='word_1_403' title='bbox 705 3607 875 3649; x_wconf 88' lang='lat' dir='ltr'>tempore</span> <span class='ocrx_word' id='word_1_404' title='bbox 893 3608 909 3638; x_wconf 86' lang='lat' dir='ltr'>t</span> <span class='ocrx_word' id='word_1_405' title='bbox 929 3600 966 3638; x_wconf 78' lang='lat' dir='ltr'><strong>E</strong></span> <span class='ocrx_word' id='word_1_406' title='bbox 987 3600 1177 3647; x_wconf 86' lang='lat' dir='ltr'>describit,</span> 
     </span>
     <span class='ocr_line' id='line_1_56' title="bbox 148 3653 1177 3703; baseline 0.002 -14"><span class='ocrx_word' id='word_1_407' title='bbox 148 3659 346 3702; x_wconf 89' lang='lat' dir='ltr'>postquam</span> <span class='ocrx_word' id='word_1_408' title='bbox 374 3661 502 3691; x_wconf 85' lang='lat' dir='ltr'>motus</span> <span class='ocrx_word' id='word_1_409' title='bbox 529 3653 654 3691; x_wconf 89' lang='lat' dir='ltr'>omnis</span> <span class='ocrx_word' id='word_1_410' title='bbox 681 3654 875 3703; x_wconf 86' lang='lat' dir='ltr'>angularis</span> <span class='ocrx_word' id='word_1_411' title='bbox 893 3653 1056 3702; x_wconf 86' lang='lat' dir='ltr'>cylindri</span> <span class='ocrx_word' id='word_1_412' title='bbox 1074 3661 1177 3691; x_wconf 87' lang='lat' dir='ltr'>exte-</span> 
     </span>
     <span class='ocr_line' id='line_1_57' title="bbox 147 3705 1176 3757; baseline 0.004 -17"><span class='ocrx_word' id='word_1_413' title='bbox 147 3705 255 3741; x_wconf 88' lang='lat' dir='ltr'>rioris</span> <span class='ocrx_word' id='word_1_414' title='bbox 273 3706 421 3744; x_wconf 84' lang='lat' dir='ltr'>ablatus</span> <span class='ocrx_word' id='word_1_415' title='bbox 438 3713 504 3744; x_wconf 86' lang='lat' dir='ltr'>est.</span> <span class='ocrx_word' id='word_1_416' title='bbox 567 3707 672 3750; x_wconf 81' lang='lat' dir='ltr'>Quia</span> <span class='ocrx_word' id='word_1_417' title='bbox 690 3705 780 3743; x_wconf 75' lang='lat' dir='ltr'>vero</span> <span class='ocrx_word' id='word_1_418' title='bbox 799 3706 995 3754; x_wconf 79' lang='lat' dir='ltr'>particulae</span> <span class='ocrx_word' id='word_1_419' title='bbox 1013 3706 1176 3757; x_wconf 80' lang='lat' dir='ltr'>singulae</span> 
     </span>
     <span class='ocr_line' id='line_1_58' title="bbox 146 3758 1176 3809; baseline 0.002 -15"><span class='ocrx_word' id='word_1_420' title='bbox 146 3758 395 3796; x_wconf 65' lang='lat' dir='ltr'>revolvuntur</span> <span class='ocrx_word' id='word_1_421' title='bbox 407 3759 641 3809; x_wconf 79' lang='lat' dir='ltr'>aequabiliter</span> <span class='ocrx_word' id='word_1_422' title='bbox 661 3761 746 3809; x_wconf 84' lang='lat' dir='ltr'>(per</span> <span class='ocrx_word' id='word_1_423' title='bbox 760 3760 900 3809; x_wconf 73' lang='lat' dir='ltr'>Hyp),</span> <span class='ocrx_word' id='word_1_424' title='bbox 921 3759 991 3796; x_wconf 84' lang='lat' dir='ltr'>erit</span> <span class='ocrx_word' id='word_1_425' title='bbox 1009 3760 1176 3807; x_wconf 83' lang='lat' dir='ltr'>spatium</span> 
     </span>
    </p>
   </div>
   <div class='ocr_carea' id='block_1_10' title="bbox 133 3809 1174 3861">
    <p class='ocr_par' dir='ltr' id='par_1_16' title="bbox 133 3809 1174 3861">
     <span class='ocr_line' id='line_1_59' title="bbox 133 3809 1174 3861; baseline 0.002 -13"><span class='ocrx_word' id='word_1_426' title='bbox 133 3809 1174 3861; x_wconf 13' lang='lat' dir='ltr'>‘EKP-DAIOaleoffiiveSE-SD</span> 
     </span>
    </p>
   </div>
   <div class='ocr_carea' id='block_1_11' title="bbox 1235 2599 2270 2756">
    <p class='ocr_par' dir='ltr' id='par_1_17' title="bbox 1235 2599 2270 2756">
     <span class='ocr_line' id='line_1_60' title="bbox 1236 2599 2270 2652; baseline -0.003 -14"><span class='ocrx_word' id='word_1_427' title='bbox 1236 2602 1275 2638; x_wconf 90' lang='lat' dir='ltr'>in</span> <span class='ocrx_word' id='word_1_428' title='bbox 1309 2599 1444 2638; x_wconf 70' lang='lat' dir='ltr'>eadem</span> <span class='ocrx_word' id='word_1_429' title='bbox 1474 2600 1675 2650; x_wconf 88' lang='lat' dir='ltr'>hypothesi</span> <span class='ocrx_word' id='word_1_430' title='bbox 1713 2600 1837 2652; x_wconf 90' lang='lat' dir='ltr'>(quod</span> <span class='ocrx_word' id='word_1_431' title='bbox 1870 2600 2021 2636; x_wconf 86' lang='lat' dir='ltr'>dicatur</span> <span class='ocrx_word' id='word_1_432' title='bbox 2055 2600 2091 2635; x_wconf 88' lang='lat' dir='ltr'>T</span> <span class='ocrx_word' id='word_1_433' title='bbox 2122 2599 2179 2646; x_wconf 91' lang='lat' dir='ltr'>A)</span> <span class='ocrx_word' id='word_1_434' title='bbox 2213 2614 2270 2635; x_wconf 63' lang='grc' dir='ltr'>τ.</span> 
     </span>
     <span class='ocr_line' id='line_1_61' title="bbox 1235 2651 2253 2699; baseline -0.003 -7"><span class='ocrx_word' id='word_1_435' title='bbox 1235 2656 1261 2692; x_wconf 93' lang='lat' dir='ltr'>S</span> <span class='ocrx_word' id='word_1_436' title='bbox 1284 2655 1320 2691; x_wconf 94' lang='lat' dir='ltr'>A</span> <span class='ocrx_word' id='word_1_437' title='bbox 1346 2660 1385 2699; x_wconf 92' lang='grc'>&gt;&lt;</span> <span class='ocrx_word' id='word_1_438' title='bbox 1410 2662 1425 2691; x_wconf 86' lang='lat' dir='ltr'>t</span> <span class='ocrx_word' id='word_1_439' title='bbox 1447 2655 1482 2691; x_wconf 83' lang='lat' dir='ltr'><strong>E</strong></span> <span class='ocrx_word' id='word_1_440' title='bbox 1987 2651 2023 2687; x_wconf 90' lang='lat' dir='ltr'>A</span> <span class='ocrx_word' id='word_1_441' title='bbox 2043 2651 2079 2688; x_wconf 90' lang='lat' dir='ltr'><strong>E</strong></span> <span class='ocrx_word' id='word_1_442' title='bbox 2099 2657 2138 2697; x_wconf 90' lang='grc'>&gt;&lt;</span> <span class='ocrx_word' id='word_1_443' title='bbox 2162 2653 2198 2689; x_wconf 94' lang='grc' dir='ltr'>Τ</span> <span class='ocrx_word' id='word_1_444' title='bbox 2216 2653 2253 2689; x_wconf 92' lang='lat' dir='ltr'>A</span> 
     </span>
     <span class='ocr_line' id='line_1_62' title="bbox 1305 2716 2252 2756; baseline -0.005 0"><span class='ocrx_word' id='word_1_445' title='bbox 1305 2720 1342 2756; x_wconf 85' lang='lat' dir='ltr'>A</span> <span class='ocrx_word' id='word_1_446' title='bbox 1365 2719 1402 2756; x_wconf 91' lang='lat' dir='ltr'><strong>E</strong></span> <span class='ocrx_word' id='word_1_447' title='bbox 2078 2716 2103 2752; x_wconf 93' lang='lat' dir='ltr'><strong>S</strong></span> <span class='ocrx_word' id='word_1_448' title='bbox 2127 2717 2164 2752; x_wconf 88' lang='lat' dir='ltr'>A</span> <span class='ocrx_word' id='word_1_449' title='bbox 2249 2719 2252 2722; x_wconf 76' lang='grc'><strong>’</strong></span> 
     </span>
    </p>
   </div>
   <div class='ocr_carea' id='block_1_12' title="bbox 1231 2774 2269 2886">
    <p class='ocr_par' dir='ltr' id='par_1_18' title="bbox 1231 2774 2269 2886">
     <span class='ocr_line' id='line_1_63' title="bbox 1231 2774 2269 2886; baseline -0.003 -38"><span class='ocrx_word' id='word_1_450' title='bbox 1231 2818 1269 2848; x_wconf 86' lang='lat' dir='ltr'>et</span> <span class='ocrx_word' id='word_1_451' title='bbox 1294 2808 1383 2848; x_wconf 74' lang='lat' dir='ltr'>ideo</span> <span class='ocrx_word' id='word_1_452' title='bbox 1411 2809 1447 2848; x_wconf 87' lang='lat' dir='ltr'>T</span> <span class='ocrx_word' id='word_1_453' title='bbox 1468 2810 1510 2848; x_wconf 93' lang='lat' dir='ltr'>D</span> <span class='ocrx_word' id='word_1_454' title='bbox 1528 2826 1585 2847; x_wconf 95' lang='lat'><strong><em>=</em></strong></span> <span class='ocrx_word' id='word_1_455' title='bbox 1609 2774 2099 2886; x_wconf 40' lang='lat' dir='ltr'>W.</span> <span class='ocrx_word' id='word_1_456' title='bbox 2162 2807 2269 2845; x_wconf 87' lang='lat' dir='ltr'>Dato</span> 
     </span>
    </p>
   </div>
   <div class='ocr_carea' id='block_1_13' title="bbox 1229 2892 2269 2998">
    <p class='ocr_par' dir='ltr' id='par_1_19' title="bbox 1229 2892 2269 2998">
     <span class='ocr_line' id='line_1_64' title="bbox 1229 2892 2268 2948; baseline -0.004 -14"><span class='ocrx_word' id='word_1_457' title='bbox 1229 2896 1351 2948; x_wconf 85' lang='lat' dir='ltr'>igitur</span> <span class='ocrx_word' id='word_1_458' title='bbox 1377 2903 1549 2945; x_wconf 87' lang='lat' dir='ltr'>tempore</span> <span class='ocrx_word' id='word_1_459' title='bbox 1576 2894 1770 2943; x_wconf 90' lang='lat' dir='ltr'>periodico</span> <span class='ocrx_word' id='word_1_460' title='bbox 1789 2893 1950 2942; x_wconf 86' lang='lat' dir='ltr'>cylindri</span> <span class='ocrx_word' id='word_1_461' title='bbox 1970 2892 2169 2934; x_wconf 86' lang='lat' dir='ltr'>interioris,</span> <span class='ocrx_word' id='word_1_462' title='bbox 2201 2892 2268 2930; x_wconf 87' lang='lat' dir='ltr'>da-</span> 
     </span>
     <span class='ocr_line' id='line_1_65' title="bbox 1229 2946 2269 2998; baseline -0.004 -11"><span class='ocrx_word' id='word_1_463' title='bbox 1229 2951 1334 2988; x_wconf 89' lang='lat' dir='ltr'>bitur</span> <span class='ocrx_word' id='word_1_464' title='bbox 1347 2957 1500 2998; x_wconf 89' lang='lat' dir='ltr'>tempus</span> <span class='ocrx_word' id='word_1_465' title='bbox 1514 2949 1752 2998; x_wconf 85' lang='lat' dir='ltr'>periodicum</span> <span class='ocrx_word' id='word_1_466' title='bbox 1767 2946 1964 2996; x_wconf 90' lang='lat' dir='ltr'>particulae</span> <span class='ocrx_word' id='word_1_467' title='bbox 1979 2946 2147 2996; x_wconf 86' lang='lat' dir='ltr'>cujusvis</span> <span class='ocrx_word' id='word_1_468' title='bbox 2159 2946 2269 2984; x_wconf 86' lang='lat' dir='ltr'>fluidi</span> 
     </span>
    </p>
   </div>
   <div class='ocr_carea' id='block_1_14' title="bbox 1230 2997 2267 3053">
    <p class='ocr_par' dir='ltr' id='par_1_20' title="bbox 1230 2997 2267 3053">
     <span class='ocr_line' id='line_1_66' title="bbox 1230 2997 2267 3053; baseline -0.002 -13"><span class='ocrx_word' id='word_1_469' title='bbox 1230 3003 1272 3040; x_wconf 90' lang='lat' dir='ltr'>in</span> <span class='ocrx_word' id='word_1_470' title='bbox 1292 3003 1467 3053; x_wconf 91' lang='lat' dir='ltr'>cylindro</span> <span class='ocrx_word' id='word_1_471' title='bbox 1485 3004 1715 3052; x_wconf 88' lang='lat' dir='ltr'>quiescente.</span> <span class='ocrx_word' id='word_1_472' title='bbox 1777 3000 1883 3044; x_wconf 82' lang='lat' dir='ltr'>Qui-a</span> <span class='ocrx_word' id='word_1_473' title='bbox 1911 2997 1999 3036; x_wconf 77' lang='lat' dir='ltr'>vero</span> <span class='ocrx_word' id='word_1_474' title='bbox 2032 2999 2066 3035; x_wconf 88' lang='lat' dir='ltr'>A</span> <span class='ocrx_word' id='word_1_475' title='bbox 2091 2999 2142 3044; x_wconf 85' lang='lat' dir='ltr'>E,</span> <span class='ocrx_word' id='word_1_476' title='bbox 2180 3000 2207 3037; x_wconf 90' lang='lat' dir='ltr'>S</span> <span class='ocrx_word' id='word_1_477' title='bbox 2230 3001 2267 3038; x_wconf 90' lang='lat' dir='ltr'>A</span> 
     </span>
    </p>
   </div>
   <div class='ocr_carea' id='block_1_15' title="bbox 1962 3052 2265 3155">
    <p class='ocr_par' dir='ltr' id='par_1_21' title="bbox 1962 3052 2265 3155">
     <span class='ocr_line' id='line_1_67' title="bbox 1970 3052 2058 3088; baseline 0 0"><span class='ocrx_word' id='word_1_478' title='bbox 1970 3052 1996 3088; x_wconf 95' lang='lat' dir='ltr'>S</span> <span class='ocrx_word' id='word_1_479' title='bbox 2019 3052 2058 3088; x_wconf 95' lang='lat' dir='ltr'>D</span> 
     </span>
     <span class='ocr_line' id='line_1_68' title="bbox 1962 3084 2265 3155; baseline 0.007 -34"><span class='ocrx_word' id='word_1_480' title='bbox 1962 3106 2070 3155; x_wconf 70' lang='lat' dir='ltr'><strong>D——E‚</strong></span> <span class='ocrx_word' id='word_1_481' title='bbox 2106 3084 2178 3121; x_wconf 91' lang='lat' dir='ltr'>hoc</span> <span class='ocrx_word' id='word_1_482' title='bbox 2197 3092 2265 3130; x_wconf 88' lang='lat' dir='ltr'>est,</span> 
     </span>
    </p>
   </div>
   <div class='ocr_carea' id='block_1_16' title="bbox 1229 3170 2269 3850">
    <p class='ocr_par' dir='ltr' id='par_1_22' title="bbox 1229 3170 2269 3385">
     <span class='ocr_line' id='line_1_69' title="bbox 1230 3170 2269 3223; baseline -0.003 -11"><span class='ocrx_word' id='word_1_483' title='bbox 1230 3172 1504 3223; x_wconf 89' lang='lat' dir='ltr'>particularum</span> <span class='ocrx_word' id='word_1_484' title='bbox 1534 3172 1644 3209; x_wconf 90' lang='lat' dir='ltr'>fluidi</span> <span class='ocrx_word' id='word_1_485' title='bbox 1673 3179 1850 3220; x_wconf 89' lang='lat' dir='ltr'>tempora</span> <span class='ocrx_word' id='word_1_486' title='bbox 1881 3170 2074 3218; x_wconf 85' lang='lat' dir='ltr'>periodica</span> <span class='ocrx_word' id='word_1_487' title='bbox 2105 3179 2196 3209; x_wconf 88' lang='lat' dir='ltr'>sunt</span> <span class='ocrx_word' id='word_1_488' title='bbox 2222 3179 2269 3209; x_wconf 89' lang='lat' dir='ltr'>ut</span> 
     </span>
     <span class='ocr_line' id='line_1_70' title="bbox 1229 3222 2267 3277; baseline -0.005 -12"><span class='ocrx_word' id='word_1_489' title='bbox 1229 3226 1418 3265; x_wconf 86' lang='lat' dir='ltr'>distantiae</span> <span class='ocrx_word' id='word_1_490' title='bbox 1447 3228 1614 3274; x_wconf 86' lang='lat' dir='ltr'>ipsarum</span> <span class='ocrx_word' id='word_1_491' title='bbox 1642 3227 1690 3262; x_wconf 90' lang='lat' dir='ltr'>ab</span> <span class='ocrx_word' id='word_1_492' title='bbox 1717 3237 1787 3262; x_wconf 85' lang='lat' dir='ltr'>axe</span> <span class='ocrx_word' id='word_1_493' title='bbox 1805 3222 1966 3272; x_wconf 87' lang='lat' dir='ltr'>cylindri</span> <span class='ocrx_word' id='word_1_494' title='bbox 1994 3223 2182 3277; x_wconf 75' lang='lat' dir='ltr'>interioris</span> <span class='ocrx_word' id='word_1_495' title='bbox 2209 3225 2267 3261; x_wconf 88' lang='lat' dir='ltr'>di-</span> 
     </span>
     <span class='ocr_line' id='line_1_71' title="bbox 1229 3276 2267 3327; baseline -0.005 -8"><span class='ocrx_word' id='word_1_496' title='bbox 1229 3279 1330 3319; x_wconf 75' lang='lat' dir='ltr'>recte</span> <span class='ocrx_word' id='word_1_497' title='bbox 1349 3287 1387 3318; x_wconf 89' lang='lat' dir='ltr'>et</span> <span class='ocrx_word' id='word_1_498' title='bbox 1405 3279 1594 3317; x_wconf 85' lang='lat' dir='ltr'>distantiae</span> <span class='ocrx_word' id='word_1_499' title='bbox 1612 3277 1835 3316; x_wconf 86' lang='lat' dir='ltr'>earumdem</span> <span class='ocrx_word' id='word_1_500' title='bbox 1850 3289 1873 3314; x_wconf 85' lang='lat' dir='ltr'>a</span> <span class='ocrx_word' id='word_1_501' title='bbox 1886 3276 2086 3326; x_wconf 83' lang='lat' dir='ltr'>superficie</span> <span class='ocrx_word' id='word_1_502' title='bbox 2104 3276 2267 3327; x_wconf 86' lang='lat' dir='ltr'>cylindri</span> 
     </span>
     <span class='ocr_line' id='line_1_72' title="bbox 1231 3331 1634 3385; baseline -0.005 -14"><span class='ocrx_word' id='word_1_503' title='bbox 1231 3333 1458 3385; x_wconf 86' lang='lat' dir='ltr'>quiescentis</span> <span class='ocrx_word' id='word_1_504' title='bbox 1475 3331 1634 3370; x_wconf 69' lang='lat' dir='ltr'>inverse.</span> 
     </span>
    </p>

    <p class='ocr_par' dir='ltr' id='par_1_23' title="bbox 1288 3383 2063 3439">
     <span class='ocr_line' id='line_1_73' title="bbox 1288 3383 2063 3439; baseline -0.004 -15"><span class='ocrx_word' id='word_1_505' title='bbox 1288 3385 1336 3438; x_wconf 88' lang='lat'>(¹)</span> <span class='ocrx_word' id='word_1_506' title='bbox 1360 3389 1380 3411; x_wconf 77' lang='lat'><em>*</em></span> <span class='ocrx_word' id='word_1_507' title='bbox 1404 3388 1631 3439; x_wconf 81' lang='lat' dir='ltr'>Acquirant.</span> <span class='ocrx_word' id='word_1_508' title='bbox 1693 3384 1807 3422; x_wconf 86' lang='lat' dir='ltr'>Patet</span> <span class='ocrx_word' id='word_1_509' title='bbox 1823 3394 1892 3432; x_wconf 85' lang='lat' dir='ltr'>per</span> <span class='ocrx_word' id='word_1_510' title='bbox 1913 3383 2002 3421; x_wconf 89' lang='lat' dir='ltr'>Cor.</span> <span class='ocrx_word' id='word_1_511' title='bbox 2028 3388 2063 3421; x_wconf 83' lang='lat'>8.</span> 
     </span>
    </p>

    <p class='ocr_par' dir='ltr' id='par_1_24' title="bbox 1229 3438 2268 3850">
     <span class='ocr_line' id='line_1_74' title="bbox 1289 3438 2268 3491; baseline -0.007 -9"><span class='ocrx_word' id='word_1_512' title='bbox 1289 3439 1356 3491; x_wconf 63' lang='grc' dir='ltr'>(ω)</span> <span class='ocrx_word' id='word_1_513' title='bbox 1379 3442 1400 3464; x_wconf 62' lang='grc'><strong><em>*</em></strong></span> <span class='ocrx_word' id='word_1_514' title='bbox 1421 3445 1555 3487; x_wconf 82' lang='lat' dir='ltr'>Quoad</span> <span class='ocrx_word' id='word_1_515' title='bbox 1573 3453 1691 3491; x_wconf 78' lang='lat' dir='ltr'>usque</span> <span class='ocrx_word' id='word_1_516' title='bbox 1706 3445 1873 3487; x_wconf 77' lang='lat' dir='ltr'>tempora</span> <span class='ocrx_word' id='word_1_517' title='bbox 1894 3440 2086 3487; x_wconf 80' lang='lat' dir='ltr'>periodica</span> <span class='ocrx_word' id='word_1_518' title='bbox 2106 3438 2268 3486; x_wconf 74' lang='lat' dir='ltr'>cyli&#39;ndri</span> 
     </span>
     <span class='ocr_line' id='line_1_75' title="bbox 1232 3489 2265 3544; baseline -0.007 -12"><span class='ocrx_word' id='word_1_519' title='bbox 1232 3495 1427 3544; x_wconf 80' lang='lat' dir='ltr'>utriusque</span> <span class='ocrx_word' id='word_1_520' title='bbox 1437 3500 1647 3543; x_wconf 66' lang='lat' dir='ltr'>aequeoztur.</span> <span class='ocrx_word' id='word_1_521' title='bbox 1691 3490 1860 3528; x_wconf 86' lang='lat' dir='ltr'>Tamdiu</span> <span class='ocrx_word' id='word_1_522' title='bbox 1879 3490 1983 3528; x_wconf 87' lang='lat' dir='ltr'>enim</span> <span class='ocrx_word' id='word_1_523' title='bbox 1997 3489 2193 3539; x_wconf 84' lang='lat' dir='ltr'>cylindrus</span> <span class='ocrx_word' id='word_1_524' title='bbox 2207 3490 2265 3526; x_wconf 89' lang='lat' dir='ltr'>in-</span> 
     </span>
     <span class='ocr_line' id='line_1_76' title="bbox 1232 3542 2263 3595; baseline -0.006 -11"><span class='ocrx_word' id='word_1_525' title='bbox 1232 3546 1348 3585; x_wconf 88' lang='lat' dir='ltr'>terior</span> <span class='ocrx_word' id='word_1_526' title='bbox 1365 3545 1491 3583; x_wconf 86' lang='lat' dir='ltr'>atterit</span> <span class='ocrx_word' id='word_1_527' title='bbox 1502 3554 1538 3583; x_wconf 88' lang='lat' dir='ltr'>et</span> <span class='ocrx_word' id='word_1_528' title='bbox 1549 3552 1663 3595; x_wconf 86' lang='lat' dir='ltr'>urget</span> <span class='ocrx_word' id='word_1_529' title='bbox 1676 3543 1785 3581; x_wconf 85' lang='lat' dir='ltr'>fluidi</span> <span class='ocrx_word' id='word_1_530' title='bbox 1805 3551 1939 3591; x_wconf 86' lang='lat' dir='ltr'>partes,</span> <span class='ocrx_word' id='word_1_531' title='bbox 1960 3551 2188 3592; x_wconf 88' lang='lat' dir='ltr'>motumque</span> <span class='ocrx_word' id='word_1_532' title='bbox 2206 3542 2263 3591; x_wconf 85' lang='lat' dir='ltr'>ip-</span> 
     </span>
     <span class='ocr_line' id='line_1_77' title="bbox 1231 3595 2265 3646; baseline -0.005 -9"><span class='ocrx_word' id='word_1_533' title='bbox 1231 3601 1282 3637; x_wconf 90' lang='lat' dir='ltr'>sis</span> <span class='ocrx_word' id='word_1_534' title='bbox 1300 3597 1347 3637; x_wconf 71' lang='lat' dir='ltr'>ea</span> <span class='ocrx_word' id='word_1_535' title='bbox 1364 3598 1514 3637; x_wconf 86' lang='lat' dir='ltr'>actione</span> <span class='ocrx_word' id='word_1_536' title='bbox 1533 3597 1791 3636; x_wconf 84' lang='lat' dir='ltr'>communicat</span> <span class='ocrx_word' id='word_1_537' title='bbox 1808 3596 1875 3646; x_wconf 92' lang='lat' dir='ltr'>qui</span> <span class='ocrx_word' id='word_1_538' title='bbox 1894 3596 1943 3633; x_wconf 90' lang='lat' dir='ltr'>ad</span> <span class='ocrx_word' id='word_1_539' title='bbox 1961 3595 2178 3645; x_wconf 87' lang='lat' dir='ltr'>cylindrum</span> <span class='ocrx_word' id='word_1_540' title='bbox 2199 3608 2265 3632; x_wconf 85' lang='lat' dir='ltr'>ex-</span> 
     </span>
     <span class='ocr_line' id='line_1_78' title="bbox 1231 3648 2265 3700; baseline -0.005 -11"><span class='ocrx_word' id='word_1_541' title='bbox 1231 3653 1407 3690; x_wconf 87' lang='lat' dir='ltr'>teriorem</span> <span class='ocrx_word' id='word_1_542' title='bbox 1429 3651 1575 3696; x_wconf 87' lang='lat' dir='ltr'>transit,</span> <span class='ocrx_word' id='word_1_543' title='bbox 1595 3650 1778 3700; x_wconf 86' lang='lat' dir='ltr'>quamdiu</span> <span class='ocrx_word' id='word_1_544' title='bbox 1793 3649 1967 3686; x_wconf 87' lang='lat' dir='ltr'>omnium</span> <span class='ocrx_word' id='word_1_545' title='bbox 1988 3648 2153 3696; x_wconf 84' lang='lat' dir='ltr'>partium</span> <span class='ocrx_word' id='word_1_546' title='bbox 2174 3660 2265 3686; x_wconf 93' lang='lat' dir='ltr'>con-</span> 
     </span>
     <span class='ocr_line' id='line_1_79' title="bbox 1233 3701 2265 3756; baseline -0.006 -13"><span class='ocrx_word' id='word_1_547' title='bbox 1233 3705 1430 3756; x_wconf 87' lang='lat' dir='ltr'>tiguarum</span> <span class='ocrx_word' id='word_1_548' title='bbox 1450 3712 1577 3741; x_wconf 88' lang='lat' dir='ltr'>motus</span> <span class='ocrx_word' id='word_1_549' title='bbox 1595 3703 1800 3753; x_wconf 85' lang='lat' dir='ltr'>angulares</span> <span class='ocrx_word' id='word_1_550' title='bbox 1826 3701 2037 3751; x_wconf 79' lang='lat' dir='ltr'>inaequales</span> <span class='ocrx_word' id='word_1_551' title='bbox 2063 3708 2165 3743; x_wconf 84' lang='lat' dir='ltr'>sunt,</span> <span class='ocrx_word' id='word_1_552' title='bbox 2196 3714 2265 3738; x_wconf 87' lang='lat' dir='ltr'>seu</span> 
     </span>
     <span class='ocr_line' id='line_1_80' title="bbox 1230 3754 2267 3807; baseline -0.005 -11"><span class='ocrx_word' id='word_1_553' title='bbox 1230 3757 1418 3807; x_wconf 81' lang='lat' dir='ltr'>quamdiu</span> <span class='ocrx_word' id='word_1_554' title='bbox 1445 3765 1617 3807; x_wconf 84' lang='lat' dir='ltr'>tempora</span> <span class='ocrx_word' id='word_1_555' title='bbox 1635 3755 1826 3806; x_wconf 87' lang='lat' dir='ltr'>periodica</span> <span class='ocrx_word' id='word_1_556' title='bbox 1843 3767 1923 3792; x_wconf 89' lang='lat' dir='ltr'>non</span> <span class='ocrx_word' id='word_1_557' title='bbox 1941 3762 2142 3805; x_wconf 85' lang='lat' dir='ltr'>aequantur</span> <span class='ocrx_word' id='word_1_558' title='bbox 2167 3754 2267 3792; x_wconf 90' lang='lat' dir='ltr'>inter</span> 
     </span>
     <span class='ocr_line' id='line_1_81' title="bbox 1229 3824 1279 3850; baseline 0 0"><span class='ocrx_word' id='word_1_559' title='bbox 1229 3824 1279 3850; x_wconf 83' lang='lat' dir='ltr'>sc.</span> 
     </span>
    </p>
   </div>
   <div class='ocr_carea' id='block_1_17' title="bbox 1492 2684 1967 2732">
    <p class='ocr_par' dir='ltr' id='par_1_25' title="bbox 1492 2684 1967 2732">
     <span class='ocr_line' id='line_1_82' title="bbox 1492 2684 1967 2732; baseline -0.008 -8"><span class='ocrx_word' id='word_1_560' title='bbox 1492 2699 1504 2732; x_wconf 89' lang='lat'>;</span> <span class='ocrx_word' id='word_1_561' title='bbox 1524 2685 1630 2724; x_wconf 90' lang='lat' dir='ltr'>unde</span> <span class='ocrx_word' id='word_1_562' title='bbox 1647 2686 1809 2723; x_wconf 85' lang='lat' dir='ltr'>habetur</span> <span class='ocrx_word' id='word_1_563' title='bbox 1827 2692 1843 2722; x_wconf 88' lang='lat' dir='ltr'>t</span> <span class='ocrx_word' id='word_1_564' title='bbox 1860 2684 1896 2723; x_wconf 91' lang='lat' dir='ltr'>E</span> <span class='ocrx_word' id='word_1_565' title='bbox 1911 2700 1967 2720; x_wconf 90' lang='lat'><strong><em>=</em></strong></span> 
     </span>
    </p>
   </div>
   <div class='ocr_carea' id='block_1_18' title="bbox 1243 2708 1487 2716">
    <p class='ocr_par' dir='ltr' id='par_1_26' title="bbox 1243 2708 1487 2716">
     <span class='ocr_line' id='line_1_83' title="bbox 1243 2708 1487 2716; baseline 0 1476"><span class='ocrx_word' id='word_1_566' title='bbox 1243 2708 1487 2716; x_wconf 95' lang='lat' dir='ltr'> </span> 
     </span>
    </p>
   </div>
   <div class='ocr_carea' id='block_1_19' title="bbox 1985 2705 2268 2721">
    <p class='ocr_par' dir='ltr' id='par_1_27' title="bbox 1985 2705 2268 2721">
     <span class='ocr_line' id='line_1_84' title="bbox 1985 2705 2268 2721; baseline 0 1471"><span class='ocrx_word' id='word_1_567' title='bbox 1985 2705 2268 2721; x_wconf 95' lang='lat' dir='ltr'> </span> 
     </span>
    </p>
   </div>
   <div class='ocr_carea' id='block_1_20' title="bbox 1231 3085 1942 3133">
    <p class='ocr_par' dir='ltr' id='par_1_28' title="bbox 1231 3085 1942 3133">
     <span class='ocr_line' id='line_1_85' title="bbox 1231 3085 1942 3133; baseline -0.006 -7"><span class='ocrx_word' id='word_1_568' title='bbox 1231 3096 1269 3126; x_wconf 85' lang='lat' dir='ltr'>et</span> <span class='ocrx_word' id='word_1_569' title='bbox 1297 3088 1333 3126; x_wconf 95' lang='lat' dir='ltr'>T</span> <span class='ocrx_word' id='word_1_570' title='bbox 1355 3088 1394 3125; x_wconf 94' lang='lat' dir='ltr'>A</span> <span class='ocrx_word' id='word_1_571' title='bbox 1424 3086 1523 3126; x_wconf 87' lang='lat' dir='ltr'>datae</span> <span class='ocrx_word' id='word_1_572' title='bbox 1555 3094 1656 3133; x_wconf 89' lang='lat' dir='ltr'>sunt,</span> <span class='ocrx_word' id='word_1_573' title='bbox 1687 3086 1759 3124; x_wconf 81' lang='lat' dir='ltr'>erit</span> <span class='ocrx_word' id='word_1_574' title='bbox 1779 3085 1878 3123; x_wconf 89' lang='lat' dir='ltr'>T.D</span> <span class='ocrx_word' id='word_1_575' title='bbox 1896 3091 1942 3122; x_wconf 86' lang='lat' dir='ltr'>ut</span> 
     </span>
    </p>
   </div>
  </div>
 </body>
</html>
