<?xml version="1.0" encoding="UTF-8"?>
<!DOCTYPE html PUBLIC "-//W3C//DTD XHTML 1.0 Transitional//EN"
    "http://www.w3.org/TR/xhtml1/DTD/xhtml1-transitional.dtd">
<html xmlns="http://www.w3.org/1999/xhtml" xml:lang="en" lang="en">
 <head>
  <title>
</title>
<meta http-equiv="Content-Type" content="text/html;charset=utf-8" />
  <meta name='ocr-system' content='tesseract 3.04.00' />
  <meta name='ocr-capabilities' content='ocr_page ocr_carea ocr_par ocr_line ocrx_word'/>
</head>
<body>
  <div class='ocr_page' id='page_1' title='image "./philonatrualprin02newtrich_0223.png"; bbox 0 0 2502 4192; ppageno 0'>
   <div class='ocr_carea' id='block_1_1' title="bbox 99 281 2242 352">
    <p class='ocr_par' dir='ltr' id='par_1_1' title="bbox 99 281 2242 352">
     <span class='ocr_line' id='line_1_1' title="bbox 99 281 2242 352; baseline -0.004 -11"><span class='ocrx_word' id='word_1_1' title='bbox 99 289 283 341; x_wconf 66' lang='lat' dir='ltr'><strong>Lmen</strong></span> <span class='ocrx_word' id='word_1_2' title='bbox 307 291 577 352; x_wconf 81' lang='lat' dir='ltr'><strong>SECUND.]</strong></span> <span class='ocrx_word' id='word_1_3' title='bbox 634 285 1035 339; x_wconf 86' lang='lat' dir='ltr'><strong>PRINCIPIA</strong></span> <span class='ocrx_word' id='word_1_4' title='bbox 1077 281 1701 337; x_wconf 89' lang='lat' dir='ltr'><strong>MATHEMATICA.</strong></span> <span class='ocrx_word' id='word_1_5' title='bbox 2147 291 2242 333; x_wconf 76' lang='lat'><strong>211</strong></span> 
     </span>
    </p>
   </div>
   <div class='ocr_carea' id='block_1_2' title="bbox 1045 494 1304 545">
    <p class='ocr_par' dir='ltr' id='par_1_2' title="bbox 1045 494 1304 545">
     <span class='ocr_line' id='line_1_2' title="bbox 1045 494 1304 545; baseline -0.008 0"><span class='ocrx_word' id='word_1_6' title='bbox 1045 494 1304 545; x_wconf 80' lang='lat' dir='ltr'><strong>Scholium.</strong></span> 
     </span>
    </p>
   </div>
   <div class='ocr_carea' id='block_1_3' title="bbox 94 635 2257 2060">
    <p class='ocr_par' dir='ltr' id='par_1_3' title="bbox 94 635 2257 2060">
     <span class='ocr_line' id='line_1_3' title="bbox 172 635 2251 706; baseline -0.001 -16"><span class='ocrx_word' id='word_1_7' title='bbox 172 639 237 690; x_wconf 89' lang='lat' dir='ltr'><strong>In</strong></span> <span class='ocrx_word' id='word_1_8' title='bbox 267 637 365 689; x_wconf 68' lang='lat' dir='ltr'><strong>hac</strong></span> <span class='ocrx_word' id='word_1_9' title='bbox 392 635 756 706; x_wconf 87' lang='lat' dir='ltr'><strong>Propositione</strong></span> <span class='ocrx_word' id='word_1_10' title='bbox 782 637 1002 706; x_wconf 87' lang='lat' dir='ltr'>exposui</span> <span class='ocrx_word' id='word_1_11' title='bbox 1026 638 1371 689; x_wconf 85' lang='lat' dir='ltr'><strong>resistentiam</strong></span> <span class='ocrx_word' id='word_1_12' title='bbox 1400 646 1452 688; x_wconf 93' lang='lat' dir='ltr'><strong>et</strong></span> <span class='ocrx_word' id='word_1_13' title='bbox 1476 636 1882 688; x_wconf 85' lang='lat' dir='ltr'>retardationem</span> <span class='ocrx_word' id='word_1_14' title='bbox 1908 636 2251 705; x_wconf 89' lang='lat' dir='ltr'><strong>projectilium</strong></span> 
     </span>
     <span class='ocr_line' id='line_1_4' title="bbox 99 728 2253 799; baseline -0.001 -17"><span class='ocrx_word' id='word_1_15' title='bbox 99 730 472 799; x_wconf 86' lang='lat' dir='ltr'><strong>sphaericorum</strong></span> <span class='ocrx_word' id='word_1_16' title='bbox 489 731 542 780; x_wconf 93' lang='lat' dir='ltr'><strong>in</strong></span> <span class='ocrx_word' id='word_1_17' title='bbox 569 730 750 781; x_wconf 91' lang='lat' dir='ltr'><strong>mediis</strong></span> <span class='ocrx_word' id='word_1_18' title='bbox 766 747 872 779; x_wconf 92' lang='lat' dir='ltr'><strong>non</strong></span> <span class='ocrx_word' id='word_1_19' title='bbox 884 729 1166 792; x_wconf 78' lang='lat' dir='ltr'><strong>continuis,</strong></span> <span class='ocrx_word' id='word_1_20' title='bbox 1210 739 1262 780; x_wconf 91' lang='lat' dir='ltr'><strong>et</strong></span> <span class='ocrx_word' id='word_1_21' title='bbox 1281 729 1483 780; x_wconf 91' lang='lat' dir='ltr'><strong>ostendi</strong></span> <span class='ocrx_word' id='word_1_22' title='bbox 1504 728 1644 798; x_wconf 91' lang='lat' dir='ltr'><strong>quod</strong></span> <span class='ocrx_word' id='word_1_23' title='bbox 1663 728 1776 779; x_wconf 85' lang='lat' dir='ltr'><strong>haec</strong></span> <span class='ocrx_word' id='word_1_24' title='bbox 1793 728 2084 780; x_wconf 76' lang='lat' dir='ltr'><strong>resistentia</strong></span> <span class='ocrx_word' id='word_1_25' title='bbox 2101 729 2166 780; x_wconf 89' lang='lat' dir='ltr'><strong>sit</strong></span> <span class='ocrx_word' id='word_1_26' title='bbox 2185 729 2253 779; x_wconf 90' lang='lat' dir='ltr'><strong>ad</strong></span> 
     </span>
     <span class='ocr_line' id='line_1_5' title="bbox 98 818 2253 890; baseline -0 -20"><span class='ocrx_word' id='word_1_27' title='bbox 98 820 203 871; x_wconf 88' lang='lat' dir='ltr'><strong>vim</strong></span> <span class='ocrx_word' id='word_1_28' title='bbox 224 818 322 889; x_wconf 68' lang='lat' dir='ltr'><strong>qufi</strong></span> <span class='ocrx_word' id='word_1_29' title='bbox 349 829 488 870; x_wconf 87' lang='lat' dir='ltr'><strong>totus</strong></span> <span class='ocrx_word' id='word_1_30' title='bbox 515 819 658 890; x_wconf 86' lang='lat' dir='ltr'><strong>globi</strong></span> <span class='ocrx_word' id='word_1_31' title='bbox 673 827 844 869; x_wconf 87' lang='lat' dir='ltr'><strong>motus</strong></span> <span class='ocrx_word' id='word_1_32' title='bbox 871 818 952 869; x_wconf 89' lang='lat' dir='ltr'><strong>vel</strong></span> <span class='ocrx_word' id='word_1_33' title='bbox 979 819 1090 869; x_wconf 92' lang='lat' dir='ltr'><strong>tolli</strong></span> <span class='ocrx_word' id='word_1_34' title='bbox 1116 819 1281 887; x_wconf 91' lang='lat' dir='ltr'><strong>possit</strong></span> <span class='ocrx_word' id='word_1_35' title='bbox 1306 818 1387 870; x_wconf 88' lang='lat' dir='ltr'><strong>vel</strong></span> <span class='ocrx_word' id='word_1_36' title='bbox 1412 818 1650 889; x_wconf 88' lang='lat' dir='ltr'><strong>generari</strong></span> <span class='ocrx_word' id='word_1_37' title='bbox 1677 837 1780 887; x_wconf 90' lang='lat' dir='ltr'><strong>quo</strong></span> <span class='ocrx_word' id='word_1_38' title='bbox 1807 828 2039 886; x_wconf 89' lang='lat' dir='ltr'><strong>tempore</strong></span> <span class='ocrx_word' id='word_1_39' title='bbox 2064 819 2253 889; x_wconf 84' lang='lat' dir='ltr'><strong>globus</strong></span> 
     </span>
     <span class='ocr_line' id='line_1_6' title="bbox 99 905 2252 973; baseline -0.001 -14"><span class='ocrx_word' id='word_1_40' title='bbox 99 908 227 959; x_wconf 90' lang='lat' dir='ltr'><strong>duas</strong></span> <span class='ocrx_word' id='word_1_41' title='bbox 253 907 428 958; x_wconf 88' lang='lat' dir='ltr'><strong>tertias</strong></span> <span class='ocrx_word' id='word_1_42' title='bbox 455 906 691 957; x_wconf 85' lang='lat' dir='ltr'><strong>diametri</strong></span> <span class='ocrx_word' id='word_1_43' title='bbox 717 925 824 956; x_wconf 85' lang='lat' dir='ltr'><strong>suae</strong></span> <span class='ocrx_word' id='word_1_44' title='bbox 851 915 1022 973; x_wconf 88' lang='lat' dir='ltr'><strong>partes</strong></span> <span class='ocrx_word' id='word_1_45' title='bbox 1048 906 1321 957; x_wconf 84' lang='lat' dir='ltr'><strong>velocitate</strong></span> <span class='ocrx_word' id='word_1_46' title='bbox 1358 905 1684 957; x_wconf 86' lang='lat' dir='ltr'><strong>uniformiter</strong></span> <span class='ocrx_word' id='word_1_47' title='bbox 1721 907 2020 957; x_wconf 87' lang='lat' dir='ltr'><strong>continuata</strong></span> <span class='ocrx_word' id='word_1_48' title='bbox 2057 906 2252 958; x_wconf 85' lang='lat' dir='ltr'><strong>descri-</strong></span> 
     </span>
     <span class='ocr_line' id='line_1_7' title="bbox 96 994 2251 1066; baseline -0.001 -17"><span class='ocrx_word' id='word_1_49' title='bbox 96 998 201 1060; x_wconf 87' lang='lat' dir='ltr'><strong>bat,</strong></span> <span class='ocrx_word' id='word_1_50' title='bbox 231 1007 289 1047; x_wconf 91' lang='lat' dir='ltr'><strong>ut</strong></span> <span class='ocrx_word' id='word_1_51' title='bbox 315 997 540 1047; x_wconf 86' lang='lat' dir='ltr'><strong>densitas</strong></span> <span class='ocrx_word' id='word_1_52' title='bbox 566 994 723 1047; x_wconf 88' lang='lat' dir='ltr'><strong>medii</strong></span> <span class='ocrx_word' id='word_1_53' title='bbox 749 995 816 1045; x_wconf 86' lang='lat' dir='ltr'><strong>ad</strong></span> <span class='ocrx_word' id='word_1_54' title='bbox 842 995 1149 1046; x_wconf 83' lang='lat' dir='ltr'><strong>densitatem</strong></span> <span class='ocrx_word' id='word_1_55' title='bbox 1186 995 1347 1065; x_wconf 86' lang='lat' dir='ltr'><strong>globi,</strong></span> <span class='ocrx_word' id='word_1_56' title='bbox 1394 995 1437 1045; x_wconf 89' lang='lat' dir='ltr'><strong>si</strong></span> <span class='ocrx_word' id='word_1_57' title='bbox 1475 994 1633 1045; x_wconf 92' lang='lat' dir='ltr'><strong>modo</strong></span> <span class='ocrx_word' id='word_1_58' title='bbox 1669 995 1856 1066; x_wconf 89' lang='lat' dir='ltr'><strong>globus</strong></span> <span class='ocrx_word' id='word_1_59' title='bbox 1895 1005 1947 1046; x_wconf 91' lang='lat' dir='ltr'><strong>et</strong></span> <span class='ocrx_word' id='word_1_60' title='bbox 1982 995 2251 1062; x_wconf 82' lang='lat' dir='ltr'><strong>particulae</strong></span> 
     </span>
     <span class='ocr_line' id='line_1_8' title="bbox 97 1077 2254 1156; baseline 0 -19"><span class='ocrx_word' id='word_1_61' title='bbox 97 1086 256 1137; x_wconf 91' lang='lat' dir='ltr'><strong>medii</strong></span> <span class='ocrx_word' id='word_1_62' title='bbox 294 1087 394 1137; x_wconf 86' lang='lat' dir='ltr'><strong>sint</strong></span> <span class='ocrx_word' id='word_1_63' title='bbox 431 1077 645 1136; x_wconf 77' lang='lat' dir='ltr'><strong>summe&#39;</strong></span> <span class='ocrx_word' id='word_1_64' title='bbox 671 1084 880 1135; x_wconf 83' lang='lat' dir='ltr'><strong>elastica</strong></span> <span class='ocrx_word' id='word_1_65' title='bbox 910 1095 961 1135; x_wconf 91' lang='lat' dir='ltr'><strong>et</strong></span> <span class='ocrx_word' id='word_1_66' title='bbox 997 1085 1050 1134; x_wconf 91' lang='lat' dir='ltr'><strong>vi</strong></span> <span class='ocrx_word' id='word_1_67' title='bbox 1087 1084 1312 1135; x_wconf 69' lang='lat' dir='ltr'><strong>maxima</strong></span> <span class='ocrx_word' id='word_1_68' title='bbox 1357 1084 1658 1136; x_wconf 84' lang='lat' dir='ltr'><strong>reflectendi</strong></span> <span class='ocrx_word' id='word_1_69' title='bbox 1699 1085 1959 1153; x_wconf 85' lang='lat' dir='ltr'><strong>polleant:</strong></span> <span class='ocrx_word' id='word_1_70' title='bbox 2011 1087 2254 1156; x_wconf 91' lang='lat' dir='ltr'><strong>quodque</strong></span> 
     </span>
     <span class='ocr_line' id='line_1_9' title="bbox 96 1177 2254 1247; baseline 0 -17"><span class='ocrx_word' id='word_1_71' title='bbox 96 1178 210 1230; x_wconf 89' lang='lat' dir='ltr'><strong>haec</strong></span> <span class='ocrx_word' id='word_1_72' title='bbox 235 1179 310 1228; x_wconf 91' lang='lat' dir='ltr'><strong>vis</strong></span> <span class='ocrx_word' id='word_1_73' title='bbox 338 1178 402 1229; x_wconf 90' lang='lat' dir='ltr'><strong>sit</strong></span> <span class='ocrx_word' id='word_1_74' title='bbox 427 1177 587 1246; x_wconf 90' lang='lat' dir='ltr'><strong>duplo</strong></span> <span class='ocrx_word' id='word_1_75' title='bbox 613 1178 783 1227; x_wconf 90' lang='lat' dir='ltr'><strong>minor</strong></span> <span class='ocrx_word' id='word_1_76' title='bbox 812 1177 899 1227; x_wconf 92' lang='lat' dir='ltr'><strong>ubi</strong></span> <span class='ocrx_word' id='word_1_77' title='bbox 928 1177 1115 1247; x_wconf 86' lang='lat' dir='ltr'><strong>globus</strong></span> <span class='ocrx_word' id='word_1_78' title='bbox 1143 1187 1194 1228; x_wconf 93' lang='lat' dir='ltr'><strong>et</strong></span> <span class='ocrx_word' id='word_1_79' title='bbox 1218 1177 1486 1245; x_wconf 76' lang='lat' dir='ltr'><strong>particulae</strong></span> <span class='ocrx_word' id='word_1_80' title='bbox 1523 1177 1682 1228; x_wconf 90' lang='lat' dir='ltr'><strong>medii</strong></span> <span class='ocrx_word' id='word_1_81' title='bbox 1720 1187 1840 1228; x_wconf 92' lang='lat' dir='ltr'><strong>sunt</strong></span> <span class='ocrx_word' id='word_1_82' title='bbox 1876 1177 2078 1230; x_wconf 77' lang='lat' dir='ltr'><strong>infinite</strong></span> <span class='ocrx_word' id='word_1_83' title='bbox 2120 1179 2254 1230; x_wconf 92' lang='lat' dir='ltr'><strong>dura</strong></span> 
     </span>
     <span class='ocr_line' id='line_1_10' title="bbox 99 1267 2252 1338; baseline -0.001 -16"><span class='ocrx_word' id='word_1_84' title='bbox 99 1280 151 1322; x_wconf 89' lang='lat' dir='ltr'><strong>et</strong></span> <span class='ocrx_word' id='word_1_85' title='bbox 174 1271 225 1321; x_wconf 87' lang='lat' dir='ltr'><strong>vi</strong></span> <span class='ocrx_word' id='word_1_86' title='bbox 251 1268 547 1320; x_wconf 88' lang='lat' dir='ltr'><strong>reflectendi</strong></span> <span class='ocrx_word' id='word_1_87' title='bbox 572 1286 784 1335; x_wconf 89' lang='lat' dir='ltr'><strong>prorsus</strong></span> <span class='ocrx_word' id='word_1_88' title='bbox 811 1268 1069 1318; x_wconf 87' lang='lat' dir='ltr'><strong>destituta.</strong></span> <span class='ocrx_word' id='word_1_89' title='bbox 1147 1267 1211 1317; x_wconf 85' lang='lat' dir='ltr'><strong>In</strong></span> <span class='ocrx_word' id='word_1_90' title='bbox 1237 1267 1421 1331; x_wconf 80' lang='lat' dir='ltr'><strong>mediIs</strong></span> <span class='ocrx_word' id='word_1_91' title='bbox 1448 1278 1619 1319; x_wconf 88' lang='lat' dir='ltr'><strong>autem</strong></span> <span class='ocrx_word' id='word_1_92' title='bbox 1646 1268 1903 1319; x_wconf 87' lang='lat' dir='ltr'><strong>continuis</strong></span> <span class='ocrx_word' id='word_1_93' title='bbox 1932 1268 2104 1338; x_wconf 91' lang='lat' dir='ltr'><strong>qualia</strong></span> <span class='ocrx_word' id='word_1_94' title='bbox 2131 1279 2252 1320; x_wconf 87' lang='lat' dir='ltr'><strong>sunt</strong></span> 
     </span>
     <span class='ocr_line' id='line_1_11' title="bbox 98 1356 2256 1429; baseline -0.001 -18"><span class='ocrx_word' id='word_1_95' title='bbox 98 1379 247 1429; x_wconf 88' lang='lat' dir='ltr'><strong>aqua,</strong></span> <span class='ocrx_word' id='word_1_96' title='bbox 292 1359 463 1409; x_wconf 91' lang='lat' dir='ltr'><strong>oleum</strong></span> <span class='ocrx_word' id='word_1_97' title='bbox 500 1357 740 1419; x_wconf 87' lang='lat' dir='ltr'><strong>calidum,</strong></span> <span class='ocrx_word' id='word_1_98' title='bbox 785 1367 836 1408; x_wconf 88' lang='lat' dir='ltr'><strong>et</strong></span> <span class='ocrx_word' id='word_1_99' title='bbox 873 1367 1145 1427; x_wconf 90' lang='lat' dir='ltr'><strong>argentum</strong></span> <span class='ocrx_word' id='word_1_100' title='bbox 1183 1356 1372 1418; x_wconf 90' lang='lat' dir='ltr'><strong>vivum,</strong></span> <span class='ocrx_word' id='word_1_101' title='bbox 1418 1357 1472 1407; x_wconf 91' lang='lat' dir='ltr'><strong>in</strong></span> <span class='ocrx_word' id='word_1_102' title='bbox 1508 1357 1693 1426; x_wconf 88' lang='lat' dir='ltr'><strong>quibus</strong></span> <span class='ocrx_word' id='word_1_103' title='bbox 1727 1357 1914 1427; x_wconf 86' lang='lat' dir='ltr'><strong>globus</strong></span> <span class='ocrx_word' id='word_1_104' title='bbox 1940 1377 2047 1408; x_wconf 95' lang='lat' dir='ltr'><strong>non</strong></span> <span class='ocrx_word' id='word_1_105' title='bbox 2073 1358 2256 1409; x_wconf 88' lang='lat' dir='ltr'><strong>incidit</strong></span> 
     </span>
     <span class='ocr_line' id='line_1_12' title="bbox 97 1444 2257 1517; baseline 0 -19"><span class='ocrx_word' id='word_1_106' title='bbox 97 1445 391 1499; x_wconf 74' lang='lat' dir='ltr'><strong>immediate</strong></span> <span class='ocrx_word' id='word_1_107' title='bbox 418 1447 471 1497; x_wconf 91' lang='lat' dir='ltr'><strong>in</strong></span> <span class='ocrx_word' id='word_1_108' title='bbox 497 1465 675 1497; x_wconf 90' lang='lat' dir='ltr'><strong>omnes</strong></span> <span class='ocrx_word' id='word_1_109' title='bbox 700 1445 847 1496; x_wconf 86' lang='lat' dir='ltr'><strong>fluidi</strong></span> <span class='ocrx_word' id='word_1_110' title='bbox 872 1444 1148 1512; x_wconf 88' lang='lat' dir='ltr'><strong>particulas</strong></span> <span class='ocrx_word' id='word_1_111' title='bbox 1187 1445 1530 1496; x_wconf 90' lang='lat' dir='ltr'><strong>resistentiam</strong></span> <span class='ocrx_word' id='word_1_112' title='bbox 1568 1458 1891 1516; x_wconf 89' lang='lat' dir='ltr'><strong>generantes,</strong></span> <span class='ocrx_word' id='word_1_113' title='bbox 1940 1448 2030 1499; x_wconf 89' lang='lat' dir='ltr'><strong>sed</strong></span> <span class='ocrx_word' id='word_1_114' title='bbox 2066 1450 2257 1517; x_wconf 88' lang='lat' dir='ltr'><strong>premit</strong></span> 
     </span>
     <span class='ocr_line' id='line_1_13' title="bbox 96 1533 2257 1605; baseline 0 -15"><span class='ocrx_word' id='word_1_115' title='bbox 96 1548 299 1590; x_wconf 89' lang='lat' dir='ltr'><strong>tantum</strong></span> <span class='ocrx_word' id='word_1_116' title='bbox 335 1536 600 1605; x_wconf 84' lang='lat' dir='ltr'><strong>proximas</strong></span> <span class='ocrx_word' id='word_1_117' title='bbox 638 1535 915 1602; x_wconf 88' lang='lat' dir='ltr'><strong>particulas</strong></span> <span class='ocrx_word' id='word_1_118' title='bbox 943 1544 994 1585; x_wconf 92' lang='lat' dir='ltr'><strong>et</strong></span> <span class='ocrx_word' id='word_1_119' title='bbox 1018 1533 1101 1583; x_wconf 87' lang='lat' dir='ltr'><strong>hae</strong></span> <span class='ocrx_word' id='word_1_120' title='bbox 1126 1543 1373 1602; x_wconf 88' lang='lat' dir='ltr'><strong>premunt</strong></span> <span class='ocrx_word' id='word_1_121' title='bbox 1410 1534 1534 1584; x_wconf 87' lang='lat' dir='ltr'><strong>alias</strong></span> <span class='ocrx_word' id='word_1_122' title='bbox 1573 1544 1624 1585; x_wconf 90' lang='lat' dir='ltr'><strong>et</strong></span> <span class='ocrx_word' id='word_1_123' title='bbox 1660 1535 1744 1585; x_wconf 88' lang='lat' dir='ltr'><strong>hae</strong></span> <span class='ocrx_word' id='word_1_124' title='bbox 1782 1536 1922 1598; x_wconf 83' lang='lat' dir='ltr'><strong>alias,</strong></span> <span class='ocrx_word' id='word_1_125' title='bbox 1965 1537 2257 1592; x_wconf 83' lang='lat' dir='ltr'><strong>resistentia</strong></span> 
     </span>
     <span class='ocr_line' id='line_1_14' title="bbox 96 1621 2253 1698; baseline 0 -21"><span class='ocrx_word' id='word_1_126' title='bbox 96 1636 174 1678; x_wconf 91' lang='lat' dir='ltr'><strong>est</strong></span> <span class='ocrx_word' id='word_1_127' title='bbox 198 1625 368 1676; x_wconf 91' lang='lat' dir='ltr'><strong>adhuc</strong></span> <span class='ocrx_word' id='word_1_128' title='bbox 394 1621 555 1691; x_wconf 80' lang='lat' dir='ltr'><strong>duplo</strong></span> <span class='ocrx_word' id='word_1_129' title='bbox 579 1623 764 1673; x_wconf 88' lang='lat' dir='ltr'><strong>minor.</strong></span> <span class='ocrx_word' id='word_1_130' title='bbox 845 1621 1050 1673; x_wconf 86' lang='lat' dir='ltr'><strong>Globus</strong></span> <span class='ocrx_word' id='word_1_131' title='bbox 1077 1622 1252 1691; x_wconf 90' lang='lat' dir='ltr'><strong>utique</strong></span> <span class='ocrx_word' id='word_1_132' title='bbox 1289 1622 1342 1671; x_wconf 91' lang='lat' dir='ltr'><strong>in</strong></span> <span class='ocrx_word' id='word_1_133' title='bbox 1377 1621 1677 1698; x_wconf 88' lang='lat' dir='ltr'><strong>hujusmodi</strong></span> <span class='ocrx_word' id='word_1_134' title='bbox 1712 1624 1894 1678; x_wconf 88' lang='lat' dir='ltr'><strong>mediis</strong></span> <span class='ocrx_word' id='word_1_135' title='bbox 1936 1626 2253 1678; x_wconf 87' lang='lat' dir='ltr'><strong>fluidissimis</strong></span> 
     </span>
     <span class='ocr_line' id='line_1_15' title="bbox 94 1713 2253 1790; baseline 0.001 -22"><span class='ocrx_word' id='word_1_136' title='bbox 94 1715 440 1769; x_wconf 85' lang='lat' dir='ltr'><strong>resistentiam</strong></span> <span class='ocrx_word' id='word_1_137' title='bbox 476 1714 669 1782; x_wconf 88' lang='lat' dir='ltr'><strong>patitur</strong></span> <span class='ocrx_word' id='word_1_138' title='bbox 706 1732 822 1783; x_wconf 89' lang='lat' dir='ltr'><strong>quae</strong></span> <span class='ocrx_word' id='word_1_139' title='bbox 854 1723 930 1765; x_wconf 91' lang='lat' dir='ltr'><strong>est</strong></span> <span class='ocrx_word' id='word_1_140' title='bbox 963 1713 1029 1764; x_wconf 92' lang='lat' dir='ltr'><strong>ad</strong></span> <span class='ocrx_word' id='word_1_141' title='bbox 1063 1713 1167 1764; x_wconf 88' lang='lat' dir='ltr'><strong>vim</strong></span> <span class='ocrx_word' id='word_1_142' title='bbox 1194 1713 1292 1790; x_wconf 70' lang='lat' dir='ltr'><strong>qua</strong></span> <span class='ocrx_word' id='word_1_143' title='bbox 1319 1724 1457 1765; x_wconf 89' lang='lat' dir='ltr'><strong>totus</strong></span> <span class='ocrx_word' id='word_1_144' title='bbox 1484 1716 1593 1785; x_wconf 88' lang='lat' dir='ltr'><strong>ejus</strong></span> <span class='ocrx_word' id='word_1_145' title='bbox 1619 1726 1789 1768; x_wconf 87' lang='lat' dir='ltr'><strong>motus</strong></span> <span class='ocrx_word' id='word_1_146' title='bbox 1828 1716 1909 1768; x_wconf 88' lang='lat' dir='ltr'><strong>vel</strong></span> <span class='ocrx_word' id='word_1_147' title='bbox 1941 1718 2053 1768; x_wconf 91' lang='lat' dir='ltr'><strong>tolli</strong></span> <span class='ocrx_word' id='word_1_148' title='bbox 2087 1722 2253 1788; x_wconf 92' lang='lat' dir='ltr'><strong>possit</strong></span> 
     </span>
     <span class='ocr_line' id='line_1_16' title="bbox 97 1801 2252 1878; baseline 0.002 -19"><span class='ocrx_word' id='word_1_149' title='bbox 97 1808 180 1859; x_wconf 92' lang='lat' dir='ltr'><strong>vel</strong></span> <span class='ocrx_word' id='word_1_150' title='bbox 204 1806 443 1878; x_wconf 89' lang='lat' dir='ltr'><strong>generari</strong></span> <span class='ocrx_word' id='word_1_151' title='bbox 469 1825 571 1875; x_wconf 93' lang='lat' dir='ltr'><strong>quo</strong></span> <span class='ocrx_word' id='word_1_152' title='bbox 597 1815 847 1873; x_wconf 90' lang='lat' dir='ltr'><strong>tempore,</strong></span> <span class='ocrx_word' id='word_1_153' title='bbox 889 1815 1034 1862; x_wconf 83' lang='lat' dir='ltr'><strong>motu</strong></span> <span class='ocrx_word' id='word_1_154' title='bbox 1071 1803 1161 1855; x_wconf 93' lang='lat' dir='ltr'><strong>illo</strong></span> <span class='ocrx_word' id='word_1_155' title='bbox 1199 1801 1522 1857; x_wconf 84' lang='lat' dir='ltr'><strong>uniformiter</strong></span> <span class='ocrx_word' id='word_1_156' title='bbox 1560 1807 1876 1870; x_wconf 89' lang='lat' dir='ltr'><strong>continuato,</strong></span> <span class='ocrx_word' id='word_1_157' title='bbox 1922 1820 2094 1876; x_wconf 87' lang='lat' dir='ltr'><strong>partes</strong></span> <span class='ocrx_word' id='word_1_158' title='bbox 2134 1822 2252 1864; x_wconf 89' lang='lat' dir='ltr'><strong>octo</strong></span> 
     </span>
     <span class='ocr_line' id='line_1_17' title="bbox 97 1895 2249 1973; baseline 0.001 -23"><span class='ocrx_word' id='word_1_159' title='bbox 97 1899 274 1951; x_wconf 87' lang='lat' dir='ltr'><strong>tertias</strong></span> <span class='ocrx_word' id='word_1_160' title='bbox 302 1897 538 1948; x_wconf 86' lang='lat' dir='ltr'><strong>diametri</strong></span> <span class='ocrx_word' id='word_1_161' title='bbox 564 1914 671 1947; x_wconf 88' lang='lat' dir='ltr'><strong>suae</strong></span> <span class='ocrx_word' id='word_1_162' title='bbox 698 1895 971 1957; x_wconf 85' lang='lat' dir='ltr'><strong>describat,</strong></span> <span class='ocrx_word' id='word_1_163' title='bbox 1008 1904 1066 1969; x_wconf 85' lang='lat' dir='ltr'><strong>ut</strong></span> <span class='ocrx_word' id='word_1_164' title='bbox 1090 1895 1314 1946; x_wconf 86' lang='lat' dir='ltr'><strong>densitas</strong></span> <span class='ocrx_word' id='word_1_165' title='bbox 1340 1896 1497 1948; x_wconf 93' lang='lat' dir='ltr'><strong>medii</strong></span> <span class='ocrx_word' id='word_1_166' title='bbox 1521 1897 1588 1953; x_wconf 79' lang='lat' dir='ltr'><strong>ad</strong></span> <span class='ocrx_word' id='word_1_167' title='bbox 1614 1897 1922 1955; x_wconf 84' lang='lat' dir='ltr'><strong>densitatem</strong></span> <span class='ocrx_word' id='word_1_168' title='bbox 1947 1901 2106 1973; x_wconf 74' lang='lat' dir='ltr'><strong>globi,</strong></span> <span class='ocrx_word' id='word_1_169' title='bbox 2185 1905 2249 1962; x_wconf 89' lang='lat' dir='ltr'><strong>Id</strong></span> 
     </span>
     <span class='ocr_line' id='line_1_18' title="bbox 99 1986 1312 2060; baseline 0 -19"><span class='ocrx_word' id='word_1_170' title='bbox 99 1989 237 2060; x_wconf 92' lang='lat' dir='ltr'><strong>quod</strong></span> <span class='ocrx_word' id='word_1_171' title='bbox 263 1990 317 2040; x_wconf 93' lang='lat' dir='ltr'><strong>in</strong></span> <span class='ocrx_word' id='word_1_172' title='bbox 343 1988 673 2060; x_wconf 88' lang='lat' dir='ltr'><strong>sequentibus</strong></span> <span class='ocrx_word' id='word_1_173' title='bbox 700 1987 1003 2042; x_wconf 89' lang='lat' dir='ltr'><strong>conabimur</strong></span> <span class='ocrx_word' id='word_1_174' title='bbox 1028 1986 1312 2045; x_wconf 81' lang='lat' dir='ltr'><strong>ostendere.</strong></span> 
     </span>
    </p>
   </div>
   <div class='ocr_carea' id='block_1_4' title="bbox 415 2203 1923 2261">
    <p class='ocr_par' dir='ltr' id='par_1_4' title="bbox 415 2203 1923 2261">
     <span class='ocr_line' id='line_1_19' title="bbox 415 2203 1923 2261; baseline 0.001 -5"><span class='ocrx_word' id='word_1_175' title='bbox 415 2203 892 2261; x_wconf 89' lang='lat' dir='ltr'><strong>PROPOSITIO</strong></span> <span class='ocrx_word' id='word_1_176' title='bbox 932 2203 1211 2256; x_wconf 88' lang='lat' dir='ltr'><strong>XXXVI.</strong></span> <span class='ocrx_word' id='word_1_177' title='bbox 1290 2203 1722 2257; x_wconf 89' lang='lat' dir='ltr'><strong>PROBLEMA</strong></span> <span class='ocrx_word' id='word_1_178' title='bbox 1766 2207 1923 2258; x_wconf 90' lang='lat' dir='ltr'><strong>VIII.</strong></span> 
     </span>
    </p>
   </div>
   <div class='ocr_carea' id='block_1_5' title="bbox 98 2346 2252 2488">
    <p class='ocr_par' dir='ltr' id='par_1_5' title="bbox 98 2346 2252 2488">
     <span class='ocr_line' id='line_1_20' title="bbox 98 2346 2252 2421; baseline 0.001 -22"><span class='ocrx_word' id='word_1_179' title='bbox 98 2346 258 2414; x_wconf 82' lang='lat' dir='ltr'><em>Aquae</em></span> <span class='ocrx_word' id='word_1_180' title='bbox 301 2348 363 2397; x_wconf 86' lang='lat' dir='ltr'><strong>de</strong></span> <span class='ocrx_word' id='word_1_181' title='bbox 405 2364 517 2399; x_wconf 82' lang='lat' dir='ltr'><strong>vase</strong></span> <span class='ocrx_word' id='word_1_182' title='bbox 562 2348 836 2415; x_wconf 66' lang='lat' dir='ltr'><strong>qylindrz&#39;co</strong></span> <span class='ocrx_word' id='word_1_183' title='bbox 868 2347 1213 2416; x_wconf 80' lang='lat' dir='ltr'><strong>perforamen</strong></span> <span class='ocrx_word' id='word_1_184' title='bbox 1252 2350 1306 2399; x_wconf 82' lang='lat' dir='ltr'><strong>in</strong></span> <span class='ocrx_word' id='word_1_185' title='bbox 1330 2350 1508 2417; x_wconf 84' lang='lat' dir='ltr'><strong>fundo</strong></span> <span class='ocrx_word' id='word_1_186' title='bbox 1527 2350 1731 2418; x_wconf 81' lang='lat' dir='ltr'><strong>factum</strong></span> <span class='ocrx_word' id='word_1_187' title='bbox 1764 2352 2008 2421; x_wconf 54' lang='lat' dir='ltr'><strong>effluentis</strong></span> <span class='ocrx_word' id='word_1_188' title='bbox 2045 2354 2104 2401; x_wconf 76' lang='lat' dir='ltr'><strong>de</strong></span> <span class='ocrx_word' id='word_1_189' title='bbox 2143 2352 2252 2402; x_wconf 73' lang='lat' dir='ltr'><strong>nire</strong></span> 
     </span>
     <span class='ocr_line' id='line_1_21' title="bbox 1070 2445 1265 2488; baseline 0 0"><span class='ocrx_word' id='word_1_190' title='bbox 1070 2445 1265 2488; x_wconf 81' lang='lat' dir='ltr'><strong>motum.</strong></span> 
     </span>
    </p>
   </div>
   <div class='ocr_carea' id='block_1_6' title="bbox 173 2578 2249 2651">
    <p class='ocr_par' dir='ltr' id='par_1_6' title="bbox 173 2578 2249 2651">
     <span class='ocr_line' id='line_1_22' title="bbox 173 2578 2249 2651; baseline 0.002 -20"><span class='ocrx_word' id='word_1_191' title='bbox 173 2579 252 2631; x_wconf 87' lang='lat' dir='ltr'><strong>Sit</strong></span> <span class='ocrx_word' id='word_1_192' title='bbox 277 2579 328 2630; x_wconf 96' lang='lat' dir='ltr'>A</span> <span class='ocrx_word' id='word_1_193' title='bbox 356 2578 401 2630; x_wconf 90' lang='lat' dir='ltr'>C</span> <span class='ocrx_word' id='word_1_194' title='bbox 427 2579 483 2631; x_wconf 95' lang='lat' dir='ltr'>D</span> <span class='ocrx_word' id='word_1_195' title='bbox 513 2578 558 2630; x_wconf 92' lang='lat' dir='ltr'><strong>B</strong></span> <span class='ocrx_word' id='word_1_196' title='bbox 583 2598 671 2631; x_wconf 90' lang='lat' dir='ltr'><strong>vas</strong></span> <span class='ocrx_word' id='word_1_197' title='bbox 699 2580 1057 2650; x_wconf 89' lang='lat' dir='ltr'><strong>cylindricum,</strong></span> <span class='ocrx_word' id='word_1_198' title='bbox 1101 2582 1151 2632; x_wconf 95' lang='lat' dir='ltr'>A</span> <span class='ocrx_word' id='word_1_199' title='bbox 1181 2581 1227 2632; x_wconf 89' lang='lat' dir='ltr'>B</span> <span class='ocrx_word' id='word_1_200' title='bbox 1254 2582 1361 2650; x_wconf 89' lang='lat' dir='ltr'><strong>ejus</strong></span> <span class='ocrx_word' id='word_1_201' title='bbox 1388 2581 1642 2632; x_wconf 87' lang='lat' dir='ltr'><strong>orificium</strong></span> <span class='ocrx_word' id='word_1_202' title='bbox 1681 2583 1933 2651; x_wconf 91' lang='lat' dir='ltr'><strong>superius,</strong></span> <span class='ocrx_word' id='word_1_203' title='bbox 1978 2583 2022 2634; x_wconf 90' lang='lat' dir='ltr'>C</span> <span class='ocrx_word' id='word_1_204' title='bbox 2049 2585 2104 2637; x_wconf 93' lang='lat' dir='ltr'>D</span> <span class='ocrx_word' id='word_1_205' title='bbox 2132 2585 2249 2635; x_wconf 81' lang='lat' dir='ltr'><strong>fun-</strong></span> 
     </span>
    </p>
   </div>
   <div class='ocr_carea' id='block_1_7' title="bbox 60 2666 2246 2744">
    <p class='ocr_par' dir='ltr' id='par_1_7' title="bbox 60 2666 2246 2747">
     <span class='ocr_line' id='line_1_23' title="bbox 60 2666 2246 2744; baseline 0.004 -28"><span class='ocrx_word' id='word_1_206' title='bbox 60 2690 61 2693; x_wconf 42' lang='lat'>¹</span> <span class='ocrx_word' id='word_1_207' title='bbox 97 2666 223 2744; x_wconf 83' lang='lat' dir='ltr'><strong>dum</strong></span> <span class='ocrx_word' id='word_1_208' title='bbox 247 2667 504 2719; x_wconf 92' lang='lat' dir='ltr'><strong>horizonti</strong></span> <span class='ocrx_word' id='word_1_209' title='bbox 528 2669 849 2736; x_wconf 88' lang='lat' dir='ltr'><strong>parallelum,</strong></span> <span class='ocrx_word' id='word_1_210' title='bbox 881 2669 928 2721; x_wconf 89' lang='lat' dir='ltr'><strong>E</strong></span> <span class='ocrx_word' id='word_1_211' title='bbox 957 2670 1000 2720; x_wconf 91' lang='lat' dir='ltr'><strong>F</strong></span> <span class='ocrx_word' id='word_1_212' title='bbox 1025 2669 1256 2721; x_wconf 89' lang='lat' dir='ltr'><strong>foramen</strong></span> <span class='ocrx_word' id='word_1_213' title='bbox 1284 2669 1535 2721; x_wconf 86' lang='lat' dir='ltr'><strong>circulare</strong></span> <span class='ocrx_word' id='word_1_214' title='bbox 1561 2671 1616 2720; x_wconf 92' lang='lat' dir='ltr'><strong>in</strong></span> <span class='ocrx_word' id='word_1_215' title='bbox 1641 2671 1814 2723; x_wconf 90' lang='lat' dir='ltr'><strong>medio</strong></span> <span class='ocrx_word' id='word_1_216' title='bbox 1839 2672 2002 2734; x_wconf 89' lang='lat' dir='ltr'><strong>fundi,</strong></span> <span class='ocrx_word' id='word_1_217' title='bbox 2047 2674 2100 2724; x_wconf 91' lang='lat' dir='ltr'><strong>G</strong></span> <span class='ocrx_word' id='word_1_218' title='bbox 2126 2693 2246 2724; x_wconf 85' lang='lat' dir='ltr'><strong>cen-</strong></span> 
     </span>
    </p>
   </div>
   <div class='ocr_carea' id='block_1_8' title="bbox 97 2804 2243 2898">
    <p class='ocr_par' dir='ltr' id='par_1_8' title="bbox 97 2804 2243 2898">
     <span class='ocr_line' id='line_1_24' title="bbox 97 2804 2164 2878; baseline 0.004 -36"><span class='ocrx_word' id='word_1_219' title='bbox 97 2818 185 2857; x_wconf 82' lang='lat' dir='ltr'><strong>quae</strong></span> <span class='ocrx_word' id='word_1_220' title='bbox 211 2804 335 2843; x_wconf 89' lang='lat' dir='ltr'><strong>fluens</strong></span> <span class='ocrx_word' id='word_1_221' title='bbox 352 2806 407 2844; x_wconf 63' lang='lat' dir='ltr'><strong>ita</strong></span> <span class='ocrx_word' id='word_1_222' title='bbox 424 2807 614 2846; x_wconf 88' lang='lat' dir='ltr'><strong>sumenda</strong></span> <span class='ocrx_word' id='word_1_223' title='bbox 631 2816 686 2846; x_wconf 79' lang='lat' dir='ltr'><strong>est</strong></span> <span class='ocrx_word' id='word_1_224' title='bbox 707 2817 752 2846; x_wconf 83' lang='lat' dir='ltr'><strong>ut</strong></span> <span class='ocrx_word' id='word_1_225' title='bbox 777 2816 976 2846; x_wconf 70' lang='lat' dir='ltr'><strong>evanescat</strong></span> <span class='ocrx_word' id='word_1_226' title='bbox 1003 2808 1070 2846; x_wconf 90' lang='lat' dir='ltr'><strong>ubi</strong></span> <span class='ocrx_word' id='word_1_227' title='bbox 1098 2808 1143 2847; x_wconf 83' lang='lat' dir='ltr'><strong>fit</strong></span> <span class='ocrx_word' id='word_1_228' title='bbox 1220 2840 1246 2878; x_wconf 77' lang='lat' dir='ltr'><strong>d</strong></span> <span class='ocrx_word' id='word_1_229' title='bbox 1278 2821 1304 2846; x_wconf 86' lang='lat' dir='ltr'>x</span> <span class='ocrx_word' id='word_1_230' title='bbox 2028 2826 2050 2850; x_wconf 85' lang='lat' dir='ltr'><strong>a</strong></span> <span class='ocrx_word' id='word_1_231' title='bbox 2070 2814 2122 2866; x_wconf 67' lang='grc'><strong>-1-</strong></span> <span class='ocrx_word' id='word_1_232' title='bbox 2141 2826 2164 2849; x_wconf 86' lang='lat' dir='ltr'><strong>x</strong></span> 
     </span>
     <span class='ocr_line' id='line_1_25' title="bbox 637 2841 2243 2898; baseline 0.004 -22"><span class='ocrx_word' id='word_1_233' title='bbox 637 2861 701 2898; x_wconf 65' lang='lat' dir='ltr'><strong>dx</strong></span> <span class='ocrx_word' id='word_1_234' title='bbox 1196 2854 1219 2878; x_wconf 91' lang='lat' dir='ltr'><strong>a</strong></span> <span class='ocrx_word' id='word_1_235' title='bbox 1269 2865 1330 2878; x_wconf 89' lang='lat'><strong>—.</strong></span> <span class='ocrx_word' id='word_1_236' title='bbox 1391 2841 1541 2879; x_wconf 86' lang='lat' dir='ltr'><strong>Verum</strong></span> <span class='ocrx_word' id='word_1_237' title='bbox 1571 2843 1634 2894; x_wconf 87' lang='lat' dir='ltr'><strong>(ex</strong></span> <span class='ocrx_word' id='word_1_238' title='bbox 1664 2842 1764 2882; x_wconf 88' lang='lat' dir='ltr'><strong>dem.</strong></span> <span class='ocrx_word' id='word_1_239' title='bbox 1796 2851 1834 2882; x_wconf 86' lang='lat' dir='ltr'><strong>et</strong></span> <span class='ocrx_word' id='word_1_240' title='bbox 1863 2844 1997 2894; x_wconf 87' lang='lat' dir='ltr'><strong>Hyp.)</strong></span> <span class='ocrx_word' id='word_1_241' title='bbox 2186 2862 2243 2882; x_wconf 88' lang='lat'><strong><em>=</em></strong></span> 
     </span>
    </p>
   </div>
   <div class='ocr_carea' id='block_1_9' title="bbox 598 2888 2116 3029">
    <p class='ocr_par' dir='ltr' id='par_1_9' title="bbox 598 2888 2116 3029">
     <span class='ocr_line' id='line_1_26' title="bbox 765 2888 2116 2943; baseline 0.004 -13"><span class='ocrx_word' id='word_1_242' title='bbox 765 2892 819 2931; x_wconf 68' lang='lat' dir='ltr'><strong>ita</strong></span> <span class='ocrx_word' id='word_1_243' title='bbox 837 2902 991 2943; x_wconf 85' lang='lat' dir='ltr'><strong>sumpta</strong></span> <span class='ocrx_word' id='word_1_244' title='bbox 1009 2902 1066 2932; x_wconf 85' lang='lat' dir='ltr'><strong>est</strong></span> <span class='ocrx_word' id='word_1_245' title='bbox 1083 2893 1140 2932; x_wconf 92' lang='lat' dir='ltr'><strong>lo-</strong></span> <span class='ocrx_word' id='word_1_246' title='bbox 1283 2888 1307 2912; x_wconf 69' lang='lat' dir='ltr'>a</span> <span class='ocrx_word' id='word_1_247' title='bbox 2092 2892 2116 2916; x_wconf 68' lang='lat' dir='ltr'>a</span> 
     </span>
     <span class='ocr_line' id='line_1_27' title="bbox 598 2927 1663 2980; baseline 0.003 -17"><span class='ocrx_word' id='word_1_248' title='bbox 598 2939 621 2963; x_wconf 87' lang='lat' dir='ltr'><strong>a</strong></span> <span class='ocrx_word' id='word_1_249' title='bbox 641 2927 694 2979; x_wconf 58' lang='lat' dir='ltr'><strong>-f-</strong></span> <span class='ocrx_word' id='word_1_250' title='bbox 716 2940 740 2964; x_wconf 87' lang='lat' dir='ltr'><strong>x</strong></span> <span class='ocrx_word' id='word_1_251' title='bbox 1200 2927 1237 2965; x_wconf 92' lang='lat' dir='ltr'>T</span> <span class='ocrx_word' id='word_1_252' title='bbox 1266 2929 1319 2980; x_wconf 77' lang='lat'>-{·-</span> <span class='ocrx_word' id='word_1_253' title='bbox 1351 2936 1367 2964; x_wconf 84' lang='lat' dir='ltr'><strong>t</strong></span> <span class='ocrx_word' id='word_1_254' title='bbox 1489 2939 1515 2964; x_wconf 85' lang='lat' dir='ltr'>x</span> <span class='ocrx_word' id='word_1_255' title='bbox 1646 2937 1663 2967; x_wconf 93' lang='lat' dir='ltr'><strong>t</strong></span> 
     </span>
     <span class='ocr_line' id='line_1_28' title="bbox 1263 2968 1599 3029; baseline 0.009 -33"><span class='ocrx_word' id='word_1_256' title='bbox 1263 2992 1298 3029; x_wconf 81' lang='grc' dir='ltr'><strong>Τ</strong></span> <span class='ocrx_word' id='word_1_257' title='bbox 1411 2968 1450 2998; x_wconf 72' lang='lat' dir='ltr'><strong>et</strong></span> <span class='ocrx_word' id='word_1_258' title='bbox 1542 2976 1599 2985; x_wconf 76' lang='lat'><em>-</em></span> 
     </span>
    </p>
   </div>
   <div class='ocr_carea' id='block_1_10' title="bbox 99 2963 2244 3063">
    <p class='ocr_par' dir='ltr' id='par_1_10' title="bbox 99 2963 2244 3063">
     <span class='ocr_line' id='line_1_29' title="bbox 99 2963 2244 3063; baseline 0.005 -19"><span class='ocrx_word' id='word_1_259' title='bbox 99 3007 315 3058; x_wconf 80' lang='lat' dir='ltr'><strong>garithmus</strong></span> <span class='ocrx_word' id='word_1_260' title='bbox 333 3008 484 3045; x_wconf 90' lang='lat' dir='ltr'><strong>numeri</strong></span> <span class='ocrx_word' id='word_1_261' title='bbox 505 2990 527 3014; x_wconf 71' lang='lat' dir='ltr'>a</span> <span class='ocrx_word' id='word_1_262' title='bbox 540 2979 593 3030; x_wconf 45' lang='grc' dir='ltr'><strong>ἰ’</strong></span> <span class='ocrx_word' id='word_1_263' title='bbox 608 2992 647 3057; x_wconf 69' lang='lat' dir='ltr'><strong>x,</strong></span> <span class='ocrx_word' id='word_1_264' title='bbox 668 3011 895 3060; x_wconf 84' lang='lat' dir='ltr'><strong>desumptus</strong></span> <span class='ocrx_word' id='word_1_265' title='bbox 908 3024 954 3050; x_wconf 88' lang='lat' dir='ltr'><strong>ex</strong></span> <span class='ocrx_word' id='word_1_266' title='bbox 967 3012 1140 3063; x_wconf 64' lang='lat' dir='ltr'><strong>logistica</strong></span> <span class='ocrx_word' id='word_1_267' title='bbox 1541 2989 1598 2998; x_wconf 67' lang='lat'>—</span> <span class='ocrx_word' id='word_1_268' title='bbox 1692 2992 1704 3009; x_wconf 59' lang='lat'>²</span> <span class='ocrx_word' id='word_1_269' title='bbox 1738 2974 1856 3012; x_wconf 64' lang='lat' dir='ltr'>quare</span> <span class='ocrx_word' id='word_1_270' title='bbox 1885 2975 1973 3000; x_wconf 64' lang='lat' dir='ltr'><strong>area</strong></span> <span class='ocrx_word' id='word_1_271' title='bbox 1999 2963 2244 3013; x_wconf 59' lang='lat' dir='ltr'><strong>hyperbOhca</strong></span> 
     </span>
    </p>
   </div>
   <div class='ocr_carea' id='block_1_11' title="bbox 2026 2867 2161 2874">
    <p class='ocr_par' dir='ltr' id='par_1_11' title="bbox 2026 2867 2161 2874">
     <span class='ocr_line' id='line_1_30' title="bbox 2026 2867 2161 2874; baseline 0 1318"><span class='ocrx_word' id='word_1_272' title='bbox 2026 2867 2161 2874; x_wconf 95' lang='lat' dir='ltr'><strong> </strong></span> 
     </span>
    </p>
   </div>
   <div class='ocr_carea' id='block_1_12' title="bbox 97 2890 574 2937">
    <p class='ocr_par' dir='ltr' id='par_1_12' title="bbox 97 2890 574 2937">
     <span class='ocr_line' id='line_1_31' title="bbox 97 2890 574 2937; baseline 0.004 -9"><span class='ocrx_word' id='word_1_273' title='bbox 97 2902 123 2928; x_wconf 88' lang='lat' dir='ltr'>x</span> <span class='ocrx_word' id='word_1_274' title='bbox 141 2907 198 2927; x_wconf 92' lang='lat'><strong><em>=</em></strong></span> <span class='ocrx_word' id='word_1_275' title='bbox 219 2904 258 2937; x_wconf 93' lang='lat' dir='ltr'><strong>o,</strong></span> <span class='ocrx_word' id='word_1_276' title='bbox 286 2890 354 2928; x_wconf 85' lang='lat' dir='ltr'><strong>sed</strong></span> <span class='ocrx_word' id='word_1_277' title='bbox 380 2890 506 2929; x_wconf 89' lang='lat' dir='ltr'><strong>fluens</strong></span> <span class='ocrx_word' id='word_1_278' title='bbox 536 2893 574 2930; x_wconf 94' lang='lat' dir='ltr'><strong>S.</strong></span> 
     </span>
    </p>
   </div>
   <div class='ocr_carea' id='block_1_13' title="bbox 598 2914 741 2922">
    <p class='ocr_par' dir='ltr' id='par_1_13' title="bbox 598 2914 741 2922">
     <span class='ocr_line' id='line_1_32' title="bbox 598 2914 741 2922; baseline 0 1270"><span class='ocrx_word' id='word_1_279' title='bbox 598 2914 741 2922; x_wconf 95' lang='lat' dir='ltr'><strong> </strong></span> 
     </span>
    </p>
   </div>
   <div class='ocr_carea' id='block_1_14' title="bbox 1204 2980 1365 2988">
    <p class='ocr_par' dir='ltr' id='par_1_14' title="bbox 1204 2980 1365 2988">
     <span class='ocr_line' id='line_1_33' title="bbox 1204 2980 1365 2988; baseline 0 1204"><span class='ocrx_word' id='word_1_280' title='bbox 1204 2980 1365 2988; x_wconf 95' lang='lat' dir='ltr'><strong> </strong></span> 
     </span>
    </p>
   </div>
   <div class='ocr_carea' id='block_1_15' title="bbox 556 2996 2245 3117">
    <p class='ocr_par' dir='ltr' id='par_1_15' title="bbox 556 2996 2245 3117">
     <span class='ocr_line' id='line_1_34' title="bbox 1489 2996 1674 3033; baseline 0 0"><span class='ocrx_word' id='word_1_281' title='bbox 1489 3007 1513 3033; x_wconf 83' lang='lat' dir='ltr'><strong>a</strong></span> <span class='ocrx_word' id='word_1_282' title='bbox 1638 2996 1674 3033; x_wconf 90' lang='lat' dir='ltr'>T</span> 
     </span>
     <span class='ocr_line' id='line_1_35' title="bbox 556 3058 2245 3117; baseline 0.006 -22"><span class='ocrx_word' id='word_1_283' title='bbox 556 3058 580 3083; x_wconf 70' lang='lat' dir='ltr'><strong>a</strong></span> <span class='ocrx_word' id='word_1_284' title='bbox 1198 3062 1234 3099; x_wconf 95' lang='lat' dir='ltr'>B</span> <span class='ocrx_word' id='word_1_285' title='bbox 1258 3062 1290 3100; x_wconf 92' lang='lat' dir='ltr'>C</span> <span class='ocrx_word' id='word_1_286' title='bbox 1313 3063 1346 3100; x_wconf 90' lang='lat' dir='ltr'>F</span> <span class='ocrx_word' id='word_1_287' title='bbox 1366 3063 1417 3109; x_wconf 92' lang='lat' dir='ltr'><strong>E,</strong></span> <span class='ocrx_word' id='word_1_288' title='bbox 1450 3071 1506 3101; x_wconf 84' lang='lat' dir='ltr'><strong>est</strong></span> <span class='ocrx_word' id='word_1_289' title='bbox 1533 3064 1583 3102; x_wconf 86' lang='lat' dir='ltr'><strong>ad</strong></span> <span class='ocrx_word' id='word_1_290' title='bbox 1606 3066 1877 3117; x_wconf 86' lang='lat' dir='ltr'><strong>rectangulum</strong></span> <span class='ocrx_word' id='word_1_291' title='bbox 1914 3067 1951 3104; x_wconf 94' lang='lat' dir='ltr'>B</span> <span class='ocrx_word' id='word_1_292' title='bbox 1984 3067 2015 3105; x_wconf 95' lang='lat' dir='ltr'>C</span> <span class='ocrx_word' id='word_1_293' title='bbox 2048 3067 2086 3105; x_wconf 92' lang='lat' dir='ltr'>G</span> <span class='ocrx_word' id='word_1_294' title='bbox 2117 3068 2168 3113; x_wconf 91' lang='lat' dir='ltr'><strong>E,</strong></span> <span class='ocrx_word' id='word_1_295' title='bbox 2200 3075 2245 3106; x_wconf 87' lang='lat' dir='ltr'><strong>ut</strong></span> 
     </span>
    </p>
   </div>
   <div class='ocr_carea' id='block_1_16' title="bbox 507 3032 634 3038">
    <p class='ocr_par' dir='ltr' id='par_1_16' title="bbox 507 3032 634 3038">
     <span class='ocr_line' id='line_1_36' title="bbox 507 3032 634 3038; baseline 0 0"><span class='ocrx_word' id='word_1_296' title='bbox 507 3032 634 3038; x_wconf 95' lang='lat' dir='ltr'><strong> </strong></span> 
     </span>
    </p>
   </div>
   <div class='ocr_carea' id='block_1_17' title="bbox 98 3093 1138 3149">
    <p class='ocr_par' dir='ltr' id='par_1_17' title="bbox 98 3093 1138 3149">
     <span class='ocr_line' id='line_1_37' title="bbox 98 3093 1138 3149; baseline 0.007 -19"><span class='ocrx_word' id='word_1_297' title='bbox 98 3093 213 3143; x_wconf 88' lang='lat' dir='ltr'><strong>cujus</strong></span> <span class='ocrx_word' id='word_1_298' title='bbox 233 3094 467 3143; x_wconf 84' lang='lat' dir='ltr'><strong>subtangens</strong></span> <span class='ocrx_word' id='word_1_299' title='bbox 485 3105 541 3134; x_wconf 86' lang='lat' dir='ltr'><strong>est</strong></span> <span class='ocrx_word' id='word_1_300' title='bbox 560 3098 699 3144; x_wconf 89' lang='lat' dir='ltr'><strong>unitas,</strong></span> <span class='ocrx_word' id='word_1_301' title='bbox 729 3107 797 3136; x_wconf 88' lang='lat' dir='ltr'><strong>aut</strong></span> <span class='ocrx_word' id='word_1_302' title='bbox 815 3098 920 3149; x_wconf 87' lang='lat' dir='ltr'><strong>quod</strong></span> <span class='ocrx_word' id='word_1_303' title='bbox 939 3099 1043 3137; x_wconf 88' lang='lat' dir='ltr'><strong>idem</strong></span> <span class='ocrx_word' id='word_1_304' title='bbox 1070 3108 1138 3145; x_wconf 90' lang='lat' dir='ltr'><strong>est,</strong></span> 
     </span>
    </p>
   </div>
   <div class='ocr_carea' id='block_1_18' title="bbox 1267 3183 1407 3192">
    <p class='ocr_par' dir='ltr' id='par_1_18' title="bbox 1267 3183 1407 3192">
     <span class='ocr_line' id='line_1_38' title="bbox 1267 3183 1407 3192; baseline 0 1000"><span class='ocrx_word' id='word_1_305' title='bbox 1267 3183 1407 3192; x_wconf 95' lang='lat' dir='ltr'><strong> </strong></span> 
     </span>
    </p>
   </div>
   <div class='ocr_carea' id='block_1_19' title="bbox 1646 3305 1797 3313">
    <p class='ocr_par' dir='ltr' id='par_1_19' title="bbox 1646 3305 1797 3313">
     <span class='ocr_line' id='line_1_39' title="bbox 1646 3305 1797 3313; baseline 0 879"><span class='ocrx_word' id='word_1_306' title='bbox 1646 3305 1797 3313; x_wconf 95' lang='lat' dir='ltr'><strong> </strong></span> 
     </span>
    </p>
   </div>
   <div class='ocr_carea' id='block_1_20' title="bbox 501 3310 638 3318">
    <p class='ocr_par' dir='ltr' id='par_1_20' title="bbox 501 3310 638 3318">
     <span class='ocr_line' id='line_1_40' title="bbox 501 3310 638 3318; baseline 0 874"><span class='ocrx_word' id='word_1_307' title='bbox 501 3310 638 3318; x_wconf 95' lang='lat' dir='ltr'><strong> </strong></span> 
     </span>
    </p>
   </div>
   <div class='ocr_carea' id='block_1_21' title="bbox 187 3420 323 3430">
    <p class='ocr_par' dir='ltr' id='par_1_21' title="bbox 187 3420 323 3430">
     <span class='ocr_line' id='line_1_41' title="bbox 187 3420 323 3430; baseline 0 762"><span class='ocrx_word' id='word_1_308' title='bbox 187 3420 323 3430; x_wconf 95' lang='lat' dir='ltr'><strong> </strong></span> 
     </span>
    </p>
   </div>
   <div class='ocr_carea' id='block_1_22' title="bbox 89 3130 2244 3582">
    <p class='ocr_par' dir='ltr' id='par_1_22' title="bbox 97 3130 2244 3255">
     <span class='ocr_line' id='line_1_42' title="bbox 97 3130 2244 3205; baseline 0.006 -21"><span class='ocrx_word' id='word_1_309' title='bbox 97 3158 147 3184; x_wconf 80' lang='lat' dir='ltr'><strong>ex</strong></span> <span class='ocrx_word' id='word_1_310' title='bbox 166 3146 373 3196; x_wconf 55' lang='lat' dir='ltr'><strong>hyperbole</strong></span> <span class='ocrx_word' id='word_1_311' title='bbox 400 3151 512 3198; x_wconf 86' lang='lat' dir='ltr'><strong>cujus</strong></span> <span class='ocrx_word' id='word_1_312' title='bbox 539 3151 706 3202; x_wconf 81' lang='lat' dir='ltr'><strong>dignitas</strong></span> <span class='ocrx_word' id='word_1_313' title='bbox 735 3152 873 3190; x_wconf 86' lang='lat' dir='ltr'><strong>unitati</strong></span> <span class='ocrx_word' id='word_1_314' title='bbox 900 3153 1058 3203; x_wconf 81' lang='lat' dir='ltr'><strong>aequalis</strong></span> <span class='ocrx_word' id='word_1_315' title='bbox 1085 3162 1142 3191; x_wconf 84' lang='lat' dir='ltr'><strong>est</strong></span> <span class='ocrx_word' id='word_1_316' title='bbox 1196 3160 1243 3199; x_wconf 73' lang='lat' dir='ltr'><strong>L,</strong></span> <span class='ocrx_word' id='word_1_317' title='bbox 1269 3130 1306 3167; x_wconf 85' lang='lat' dir='ltr'>T</span> <span class='ocrx_word' id='word_1_318' title='bbox 1325 3131 1378 3181; x_wconf 44' lang='grc' dir='ltr'>ψ</span> <span class='ocrx_word' id='word_1_319' title='bbox 1400 3138 1417 3168; x_wconf 68' lang='lat' dir='ltr'><strong>t</strong></span> <span class='ocrx_word' id='word_1_320' title='bbox 1438 3163 1488 3202; x_wconf 74' lang='lat' dir='ltr'><strong>ad</strong></span> <span class='ocrx_word' id='word_1_321' title='bbox 1505 3139 1570 3200; x_wconf 56' lang='lat' dir='ltr'><strong>L,</strong></span> <span class='ocrx_word' id='word_1_322' title='bbox 1634 3166 1687 3203; x_wconf 81' lang='lat' dir='ltr'><strong>Su</strong></span> <span class='ocrx_word' id='word_1_323' title='bbox 1718 3173 1814 3203; x_wconf 72' lang='lat' dir='ltr'><strong>erest</strong></span> <span class='ocrx_word' id='word_1_324' title='bbox 1841 3166 1852 3202; x_wconf 81' lang='grc' dir='ltr'><strong>ῐ</strong></span> <span class='ocrx_word' id='word_1_325' title='bbox 1883 3165 1961 3203; x_wconf 75' lang='lat' dir='ltr'><strong>itur</strong></span> <span class='ocrx_word' id='word_1_326' title='bbox 1987 3166 2244 3205; x_wconf 72' lang='lat' dir='ltr'><strong>inveniendus</strong></span> 
     </span>
     <span class='ocr_line' id='line_1_43' title="bbox 100 3178 1881 3255; baseline 0.007 -19"><span class='ocrx_word' id='word_1_327' title='bbox 100 3200 208 3250; x_wconf 82' lang='lat'><strong>(382.</strong></span> <span class='ocrx_word' id='word_1_328' title='bbox 235 3199 322 3236; x_wconf 87' lang='lat' dir='ltr'><strong>Lib.</strong></span> <span class='ocrx_word' id='word_1_329' title='bbox 348 3199 382 3236; x_wconf 91' lang='grc' dir='ltr'><strong>Ι.</strong></span> <span class='ocrx_word' id='word_1_330' title='bbox 407 3209 446 3239; x_wconf 87' lang='lat' dir='ltr'><strong>et</strong></span> <span class='ocrx_word' id='word_1_331' title='bbox 464 3207 527 3240; x_wconf 89' lang='lat'><strong>40.</strong></span> <span class='ocrx_word' id='word_1_332' title='bbox 554 3204 640 3242; x_wconf 87' lang='lat' dir='ltr'><strong>Lib.</strong></span> <span class='ocrx_word' id='word_1_333' title='bbox 667 3204 753 3253; x_wconf 88' lang='grc' dir='ltr'><strong>ΙΙ.)</strong></span> <span class='ocrx_word' id='word_1_334' title='bbox 771 3220 782 3251; x_wconf 93' lang='lat'>;</span> <span class='ocrx_word' id='word_1_335' title='bbox 803 3206 833 3241; x_wconf 89' lang='lat' dir='ltr'><strong>si</strong></span> <span class='ocrx_word' id='word_1_336' title='bbox 853 3205 958 3242; x_wconf 86' lang='lat' dir='ltr'><strong>enim</strong></span> <span class='ocrx_word' id='word_1_337' title='bbox 976 3215 1141 3255; x_wconf 82' lang='lat' dir='ltr'><strong>ponatur</strong></span> <span class='ocrx_word' id='word_1_338' title='bbox 1321 3197 1357 3232; x_wconf 71' lang='lat' dir='ltr'>T</span> <span class='ocrx_word' id='word_1_339' title='bbox 1518 3199 1554 3236; x_wconf 78' lang='grc' dir='ltr'>Τ</span> <span class='ocrx_word' id='word_1_340' title='bbox 1690 3179 1715 3215; x_wconf 78' lang='lat' dir='ltr'>p</span> <span class='ocrx_word' id='word_1_341' title='bbox 1811 3211 1832 3235; x_wconf 80' lang='lat'><em>⁰</em></span> <span class='ocrx_word' id='word_1_342' title='bbox 1854 3178 1881 3216; x_wconf 77' lang='lat' dir='ltr'>g</span> 
     </span>
    </p>

    <p class='ocr_par' dir='ltr' id='par_1_23' title="bbox 89 3252 2244 3354">
     <span class='ocr_line' id='line_1_44' title="bbox 89 3252 2244 3354; baseline 0.009 -49"><span class='ocrx_word' id='word_1_343' title='bbox 89 3294 125 3341; x_wconf 19' lang='lat'><strong>⁷¹</strong></span> <span class='ocrx_word' id='word_1_344' title='bbox 144 3297 201 3320; x_wconf 82' lang='lat'>=</span> <span class='ocrx_word' id='word_1_345' title='bbox 220 3295 257 3330; x_wconf 63' lang='grc' dir='ltr'><strong>ο,</strong></span> <span class='ocrx_word' id='word_1_346' title='bbox 287 3295 474 3323; x_wconf 66' lang='lat' dir='ltr'><strong>numerus</strong></span> <span class='ocrx_word' id='word_1_347' title='bbox 500 3269 523 3293; x_wconf 72' lang='lat'>³</span> <span class='ocrx_word' id='word_1_348' title='bbox 541 3257 594 3309; x_wconf 72' lang='lat' dir='ltr'><strong>&#39;&#39;l-</strong></span> <span class='ocrx_word' id='word_1_349' title='bbox 618 3270 654 3336; x_wconf 64' lang='lat' dir='ltr'><strong>x,</strong></span> <span class='ocrx_word' id='word_1_350' title='bbox 686 3289 812 3328; x_wconf 67' lang='lat' dir='ltr'><strong>evadit</strong></span> <span class='ocrx_word' id='word_1_351' title='bbox 837 3306 894 3326; x_wconf 85' lang='lat'><strong><em>=</em></strong></span> <span class='ocrx_word' id='word_1_352' title='bbox 928 3295 961 3338; x_wconf 62' lang='lat'><strong>1,</strong></span> <span class='ocrx_word' id='word_1_353' title='bbox 991 3299 1029 3329; x_wconf 67' lang='lat' dir='ltr'><strong>et</strong></span> <span class='ocrx_word' id='word_1_354' title='bbox 1055 3290 1143 3329; x_wconf 61' lang='lat' dir='ltr'><strong>idef,</strong></span> <span class='ocrx_word' id='word_1_355' title='bbox 1196 3276 1452 3328; x_wconf 87' lang='lat' dir='ltr'><strong>logarithmus</strong></span> <span class='ocrx_word' id='word_1_356' title='bbox 1478 3282 1630 3320; x_wconf 87' lang='lat' dir='ltr'><strong>numeri</strong></span> <span class='ocrx_word' id='word_1_357' title='bbox 1651 3252 1688 3288; x_wconf 78' lang='grc' dir='ltr'>Τ</span> <span class='ocrx_word' id='word_1_358' title='bbox 1704 3252 1761 3354; x_wconf 52' lang='lat' dir='ltr'><strong>i!-</strong></span> <span class='ocrx_word' id='word_1_359' title='bbox 1783 3259 1822 3332; x_wconf 79' lang='lat' dir='ltr'><strong>t;</strong></span> <span class='ocrx_word' id='word_1_360' title='bbox 1852 3296 1920 3333; x_wconf 87' lang='lat' dir='ltr'><strong>per</strong></span> <span class='ocrx_word' id='word_1_361' title='bbox 1937 3284 2244 3337; x_wconf 81' lang='lat' dir='ltr'><strong>logarithmicam</strong></span> 
     </span>
    </p>

    <p class='ocr_par' dir='ltr' id='par_1_24' title="bbox 99 3335 2242 3440">
     <span class='ocr_line' id='line_1_45' title="bbox 99 3335 2242 3440; baseline 0.007 -44"><span class='ocrx_word' id='word_1_362' title='bbox 99 3399 137 3440; x_wconf 75' lang='lat' dir='ltr'>L</span> <span class='ocrx_word' id='word_1_363' title='bbox 181 3369 278 3420; x_wconf 47' lang='grc'>3.,-</span> <span class='ocrx_word' id='word_1_364' title='bbox 300 3381 402 3425; x_wconf 50' lang='lat' dir='ltr'><strong>x·-</strong></span> <span class='ocrx_word' id='word_1_365' title='bbox 566 3335 590 3358; x_wconf 67' lang='lat' dir='ltr'><strong>a</strong></span> <span class='ocrx_word' id='word_1_366' title='bbox 624 3410 637 3423; x_wconf 30' lang='grc' dir='ltr'>ἱ</span> <span class='ocrx_word' id='word_1_367' title='bbox 1196 3366 1311 3416; x_wconf 83' lang='lat' dir='ltr'><strong>cujus</strong></span> <span class='ocrx_word' id='word_1_368' title='bbox 1347 3368 1584 3418; x_wconf 80' lang='lat' dir='ltr'><strong>subtangens</strong></span> <span class='ocrx_word' id='word_1_369' title='bbox 1616 3376 1673 3406; x_wconf 86' lang='lat' dir='ltr'><strong>est</strong></span> <span class='ocrx_word' id='word_1_370' title='bbox 1707 3369 1846 3407; x_wconf 77' lang='lat' dir='ltr'><strong>unitas.</strong></span> <span class='ocrx_word' id='word_1_371' title='bbox 1911 3370 2034 3409; x_wconf 77' lang='lat' dir='ltr'><strong>Porro</strong></span> <span class='ocrx_word' id='word_1_372' title='bbox 2069 3372 2242 3423; x_wconf 87' lang='lat' dir='ltr'><strong>ejusdem</strong></span> 
     </span>
    </p>

    <p class='ocr_par' dir='ltr' id='par_1_25' title="bbox 138 3408 2244 3472">
     <span class='ocr_line' id='line_1_46' title="bbox 138 3408 2244 3472; baseline 0.01 -30"><span class='ocrx_word' id='word_1_373' title='bbox 138 3426 149 3438; x_wconf 84' lang='lat'><strong>.</strong></span> <span class='ocrx_word' id='word_1_374' title='bbox 251 3447 275 3470; x_wconf 72' lang='lat' dir='ltr'><strong>a</strong></span> <span class='ocrx_word' id='word_1_375' title='bbox 344 3429 401 3438; x_wconf 89' lang='lat'><strong>—-</strong></span> <span class='ocrx_word' id='word_1_376' title='bbox 421 3414 456 3439; x_wconf 91' lang='lat'><strong>0·</strong></span> <span class='ocrx_word' id='word_1_377' title='bbox 509 3408 639 3453; x_wconf 80' lang='lat' dir='ltr'><strong>Quare</strong></span> <span class='ocrx_word' id='word_1_378' title='bbox 651 3422 737 3449; x_wconf 84' lang='lat' dir='ltr'><strong>area</strong></span> <span class='ocrx_word' id='word_1_379' title='bbox 750 3410 786 3449; x_wconf 90' lang='lat' dir='ltr'>B</span> <span class='ocrx_word' id='word_1_380' title='bbox 803 3410 836 3449; x_wconf 89' lang='lat' dir='ltr'>C</span> <span class='ocrx_word' id='word_1_381' title='bbox 854 3410 889 3448; x_wconf 90' lang='lat' dir='ltr'><strong>F</strong></span> <span class='ocrx_word' id='word_1_382' title='bbox 902 3409 939 3448; x_wconf 87' lang='lat' dir='ltr'><strong>E</strong></span> <span class='ocrx_word' id='word_1_383' title='bbox 955 3425 1010 3446; x_wconf 95' lang='lat'><strong><em>=</em></strong></span> <span class='ocrx_word' id='word_1_384' title='bbox 1026 3410 1088 3448; x_wconf 82' lang='lat' dir='ltr'><strong>ab</strong></span> <span class='ocrx_word' id='word_1_385' title='bbox 1104 3414 1147 3457; x_wconf 88' lang='grc' dir='ltr'>Χ</span> <span class='ocrx_word' id='word_1_386' title='bbox 1196 3419 1351 3456; x_wconf 85' lang='lat' dir='ltr'><strong>numeri</strong></span> <span class='ocrx_word' id='word_1_387' title='bbox 1378 3419 1598 3470; x_wconf 82' lang='lat' dir='ltr'><strong>logarithmi</strong></span> <span class='ocrx_word' id='word_1_388' title='bbox 1625 3422 1783 3460; x_wconf 83' lang='lat' dir='ltr'><strong>diversae</strong></span> <span class='ocrx_word' id='word_1_389' title='bbox 1811 3424 1948 3472; x_wconf 88' lang='lat' dir='ltr'><strong>speciei</strong></span> <span class='ocrx_word' id='word_1_390' title='bbox 1969 3433 2060 3461; x_wconf 85' lang='lat' dir='ltr'><strong>sunt</strong></span> <span class='ocrx_word' id='word_1_391' title='bbox 2078 3426 2177 3462; x_wconf 81' lang='lat' dir='ltr'><strong>inter</strong></span> <span class='ocrx_word' id='word_1_392' title='bbox 2204 3439 2244 3462; x_wconf 88' lang='lat' dir='ltr'><strong>se</strong></span> 
     </span>
    </p>

    <p class='ocr_par' dir='ltr' id='par_1_26' title="bbox 189 3471 2244 3538">
     <span class='ocr_line' id='line_1_47' title="bbox 189 3471 2244 3538; baseline 0.009 -41"><span class='ocrx_word' id='word_1_393' title='bbox 189 3499 213 3524; x_wconf 68' lang='lat' dir='ltr'><strong>a</strong></span> <span class='ocrx_word' id='word_1_394' title='bbox 231 3486 284 3538; x_wconf 65' lang='grc' dir='ltr'><strong>-Ι-</strong></span> <span class='ocrx_word' id='word_1_395' title='bbox 307 3499 333 3523; x_wconf 69' lang='lat' dir='ltr'>x</span> <span class='ocrx_word' id='word_1_396' title='bbox 763 3522 778 3535; x_wconf 33' lang='grc' dir='ltr'>ἱ</span> <span class='ocrx_word' id='word_1_397' title='bbox 1194 3471 1235 3508; x_wconf 90' lang='lat' dir='ltr'><strong>in</strong></span> <span class='ocrx_word' id='word_1_398' title='bbox 1251 3471 1340 3508; x_wconf 65' lang='lat' dir='ltr'><strong>data</strong></span> <span class='ocrx_word' id='word_1_399' title='bbox 1353 3474 1502 3532; x_wconf 75' lang='lat' dir='ltr'><strong>ratione</strong></span> <span class='ocrx_word' id='word_1_400' title='bbox 1519 3474 1607 3526; x_wconf 85' lang='lat'>(38)</span> <span class='ocrx_word' id='word_1_401' title='bbox 1621 3483 1659 3513; x_wconf 89' lang='lat' dir='ltr'><strong>et</strong></span> <span class='ocrx_word' id='word_1_402' title='bbox 1673 3487 1860 3537; x_wconf 73' lang='lat' dir='ltr'><strong>uumerus</strong></span> <span class='ocrx_word' id='word_1_403' title='bbox 1875 3483 1910 3523; x_wconf 76' lang='lat'><strong>2,</strong></span> <span class='ocrx_word' id='word_1_404' title='bbox 1924 3482 2244 3517; x_wconf 75' lang='lat'>502585092994</span> 
     </span>
    </p>

    <p class='ocr_par' dir='ltr' id='par_1_27' title="bbox 101 3517 2242 3582">
     <span class='ocr_line' id='line_1_48' title="bbox 101 3517 2242 3582; baseline 0.007 -27"><span class='ocrx_word' id='word_1_405' title='bbox 101 3517 151 3557; x_wconf 87' lang='lat' dir='ltr'><strong>L.</strong></span> <span class='ocrx_word' id='word_1_406' title='bbox 345 3533 357 3566; x_wconf 79' lang='lat'><em>3</em></span> <span class='ocrx_word' id='word_1_407' title='bbox 389 3522 658 3573; x_wconf 86' lang='lat' dir='ltr'><strong>rectangulum</strong></span> <span class='ocrx_word' id='word_1_408' title='bbox 691 3536 781 3562; x_wconf 79' lang='lat' dir='ltr'><strong>vero</strong></span> <span class='ocrx_word' id='word_1_409' title='bbox 816 3526 852 3564; x_wconf 92' lang='lat' dir='ltr'><strong>B</strong></span> <span class='ocrx_word' id='word_1_410' title='bbox 885 3527 917 3565; x_wconf 92' lang='lat' dir='ltr'>C</span> <span class='ocrx_word' id='word_1_411' title='bbox 950 3528 989 3565; x_wconf 92' lang='lat' dir='ltr'>G</span> <span class='ocrx_word' id='word_1_412' title='bbox 1018 3528 1057 3565; x_wconf 89' lang='lat' dir='ltr'><strong>E</strong></span> <span class='ocrx_word' id='word_1_413' title='bbox 1084 3544 1141 3565; x_wconf 88' lang='lat'>=</span> <span class='ocrx_word' id='word_1_414' title='bbox 1195 3532 1253 3562; x_wconf 86' lang='lat' dir='ltr'><strong>est</strong></span> <span class='ocrx_word' id='word_1_415' title='bbox 1270 3524 1523 3574; x_wconf 78' lang='lat' dir='ltr'><strong>loganthmus</strong></span> <span class='ocrx_word' id='word_1_416' title='bbox 1542 3540 1692 3565; x_wconf 83' lang='lat' dir='ltr'><strong>numen</strong></span> <span class='ocrx_word' id='word_1_417' title='bbox 1718 3528 1862 3567; x_wconf 84' lang='lat' dir='ltr'><strong>denani</strong></span> <span class='ocrx_word' id='word_1_418' title='bbox 1882 3539 2058 3579; x_wconf 87' lang='lat' dir='ltr'><strong>sumptus</strong></span> <span class='ocrx_word' id='word_1_419' title='bbox 2076 3532 2116 3567; x_wconf 83' lang='lat' dir='ltr'><strong>in</strong></span> <span class='ocrx_word' id='word_1_420' title='bbox 2137 3532 2242 3582; x_wconf 83' lang='lat' dir='ltr'><strong>loga-</strong></span> 
     </span>
    </p>
   </div>
   <div class='ocr_carea' id='block_1_23' title="bbox 197 3541 329 3550">
    <p class='ocr_par' dir='ltr' id='par_1_28' title="bbox 197 3541 329 3550">
     <span class='ocr_line' id='line_1_49' title="bbox 197 3541 329 3550; baseline 0 642"><span class='ocrx_word' id='word_1_421' title='bbox 197 3541 329 3550; x_wconf 95' lang='lat' dir='ltr'><strong> </strong></span> 
     </span>
    </p>
   </div>
   <div class='ocr_carea' id='block_1_24' title="bbox 96 3579 2245 3685">
    <p class='ocr_par' dir='ltr' id='par_1_29' title="bbox 96 3579 2245 3685">
     <span class='ocr_line' id='line_1_50' title="bbox 96 3579 2245 3685; baseline 0.009 -30"><span class='ocrx_word' id='word_1_422' title='bbox 96 3604 124 3642; x_wconf 63' lang='lat' dir='ltr'><strong>b</strong></span> <span class='ocrx_word' id='word_1_423' title='bbox 140 3615 178 3641; x_wconf 50' lang='grc' dir='ltr'><strong>κ.</strong></span> <span class='ocrx_word' id='word_1_424' title='bbox 237 3603 312 3642; x_wconf 67' lang='lat' dir='ltr'><strong>E..</strong></span> <span class='ocrx_word' id='word_1_425' title='bbox 461 3620 548 3646; x_wconf 53' lang='lat' dir='ltr'><strong>a...</strong></span> <span class='ocrx_word' id='word_1_426' title='bbox 577 3610 823 3659; x_wconf 60' lang='lat' dir='ltr'><strong>hypebouca</strong></span> <span class='ocrx_word' id='word_1_427' title='bbox 858 3612 894 3650; x_wconf 71' lang='lat' dir='ltr'><strong>n</strong></span> <span class='ocrx_word' id='word_1_428' title='bbox 918 3613 950 3651; x_wconf 81' lang='lat' dir='ltr'>c</span> <span class='ocrx_word' id='word_1_429' title='bbox 975 3613 1007 3650; x_wconf 69' lang='lat'><strong>1·-</strong></span> <span class='ocrx_word' id='word_1_430' title='bbox 1028 3613 1065 3651; x_wconf 66' lang='grc' dir='ltr'>Ε</span> <span class='ocrx_word' id='word_1_431' title='bbox 1094 3613 1143 3652; x_wconf 65' lang='lat' dir='ltr'><strong>aa</strong></span> <span class='ocrx_word' id='word_1_432' title='bbox 1195 3579 1833 3684; x_wconf 52' lang='lat' dir='ltr'><strong>xssasdssxffissxgsssffi.0ffi</strong></span> <span class='ocrx_word' id='word_1_433' title='bbox 1847 3637 2245 3685; x_wconf 57' lang='lat' dir='ltr'><strong>..m</strong></span> 
     </span>
    </p>
   </div>
   <div class='ocr_carea' id='block_1_25' title="bbox 96 3667 2244 3743">
    <p class='ocr_par' dir='ltr' id='par_1_30' title="bbox 96 3667 2244 3743">
     <span class='ocr_line' id='line_1_51' title="bbox 96 3667 2244 3743; baseline 0.004 -24"><span class='ocrx_word' id='word_1_434' title='bbox 96 3686 366 3737; x_wconf 78' lang='lat' dir='ltr'><strong>rectangulum</strong></span> <span class='ocrx_word' id='word_1_435' title='bbox 403 3692 439 3730; x_wconf 86' lang='lat' dir='ltr'><strong>B</strong></span> <span class='ocrx_word' id='word_1_436' title='bbox 472 3694 504 3732; x_wconf 82' lang='lat' dir='ltr'>c</span> <span class='ocrx_word' id='word_1_437' title='bbox 537 3694 575 3732; x_wconf 87' lang='lat' dir='ltr'>G</span> <span class='ocrx_word' id='word_1_438' title='bbox 607 3694 656 3739; x_wconf 84' lang='lat' dir='ltr'><strong>E,</strong></span> <span class='ocrx_word' id='word_1_439' title='bbox 690 3702 736 3732; x_wconf 83' lang='lat' dir='ltr'><strong>ut</strong></span> <span class='ocrx_word' id='word_1_440' title='bbox 762 3708 785 3732; x_wconf 67' lang='lat' dir='ltr'><strong>a</strong></span> <span class='ocrx_word' id='word_1_441' title='bbox 810 3697 836 3733; x_wconf 61' lang='grc' dir='ltr'><strong>ι,</strong></span> <span class='ocrx_word' id='word_1_442' title='bbox 864 3696 914 3734; x_wconf 91' lang='lat' dir='ltr'><strong>L.</strong></span> <span class='ocrx_word' id='word_1_443' title='bbox 938 3679 961 3703; x_wconf 70' lang='lat'>³</span> <span class='ocrx_word' id='word_1_444' title='bbox 980 3667 1033 3717; x_wconf 78' lang='lat'>÷</span> <span class='ocrx_word' id='word_1_445' title='bbox 1052 3678 1075 3702; x_wconf 83' lang='lat'>¹</span> <span class='ocrx_word' id='word_1_446' title='bbox 1095 3698 1144 3736; x_wconf 84' lang='lat' dir='ltr'><strong>ad</strong></span> <span class='ocrx_word' id='word_1_447' title='bbox 1201 3686 1683 3737; x_wconf 69' lang='lat' dir='ltr'><strong>1,ooooooo=1;quare</strong></span> <span class='ocrx_word' id='word_1_448' title='bbox 1695 3689 1850 3735; x_wconf 79' lang='lat' dir='ltr'><strong>ut1‚ad</strong></span> <span class='ocrx_word' id='word_1_449' title='bbox 1867 3694 2244 3743; x_wconf 63' lang='lat'><strong>2302585092994,</strong></span> 
     </span>
    </p>
   </div>
   <div class='ocr_carea' id='block_1_26' title="bbox 944 3720 1076 3730">
    <p class='ocr_par' dir='ltr' id='par_1_31' title="bbox 944 3720 1076 3730">
     <span class='ocr_line' id='line_1_52' title="bbox 944 3720 1076 3730; baseline 0 462"><span class='ocrx_word' id='word_1_450' title='bbox 944 3720 1076 3730; x_wconf 95' lang='lat' dir='ltr'><strong> </strong></span> 
     </span>
    </p>
   </div>
   <div class='ocr_carea' id='block_1_27' title="bbox 1709 3796 1842 3804">
    <p class='ocr_par' dir='ltr' id='par_1_32' title="bbox 1709 3796 1842 3804">
     <span class='ocr_line' id='line_1_53' title="bbox 1709 3796 1842 3804; baseline 0 388"><span class='ocrx_word' id='word_1_451' title='bbox 1709 3796 1842 3804; x_wconf 95' lang='lat' dir='ltr'><strong> </strong></span> 
     </span>
    </p>
   </div>
   <div class='ocr_carea' id='block_1_28' title="bbox 1001 3839 1143 3850">
    <p class='ocr_par' dir='ltr' id='par_1_33' title="bbox 1001 3839 1143 3850">
     <span class='ocr_line' id='line_1_54' title="bbox 1001 3839 1143 3850; baseline 0 342"><span class='ocrx_word' id='word_1_452' title='bbox 1001 3839 1143 3850; x_wconf 95' lang='lat' dir='ltr'><strong> </strong></span> 
     </span>
    </p>
   </div>
   <div class='ocr_carea' id='block_1_29' title="bbox 96 3742 2248 3909">
    <p class='ocr_par' dir='ltr' id='par_1_34' title="bbox 96 3742 2248 3909">
     <span class='ocr_line' id='line_1_55' title="bbox 96 3742 2246 3854; baseline 0.018 -79"><span class='ocrx_word' id='word_1_453' title='bbox 96 3805 165 3844; x_wconf 68' lang='lat' dir='ltr'><strong>bx</strong></span> <span class='ocrx_word' id='word_1_454' title='bbox 208 3807 282 3846; x_wconf 68' lang='lat' dir='ltr'><strong>hoc</strong></span> <span class='ocrx_word' id='word_1_455' title='bbox 309 3803 374 3848; x_wconf 35' lang='lat' dir='ltr'><strong>es(</strong></span> <span class='ocrx_word' id='word_1_456' title='bbox 407 3809 511 3849; x_wconf 62' lang='lat' dir='ltr'>diVid</span> <span class='ocrx_word' id='word_1_457' title='bbox 565 3812 588 3849; x_wconf 79' lang='lat' dir='ltr'>d</span> <span class='ocrx_word' id='word_1_458' title='bbox 784 3815 811 3852; x_wconf 78' lang='lat' dir='ltr'><strong>b</strong></span> <span class='ocrx_word' id='word_1_459' title='bbox 930 3817 966 3854; x_wconf 84' lang='lat' dir='ltr'>L</span> <span class='ocrx_word' id='word_1_460' title='bbox 1000 3745 1024 3822; x_wconf 60' lang='grc' dir='ltr'>Ξ</span> <span class='ocrx_word' id='word_1_461' title='bbox 1044 3784 1096 3837; x_wconf 63' lang='grc' dir='ltr'><strong>-Ι-</strong></span> <span class='ocrx_word' id='word_1_462' title='bbox 1119 3796 1144 3821; x_wconf 72' lang='lat' dir='ltr'>x</span> <span class='ocrx_word' id='word_1_463' title='bbox 1197 3766 1252 3805; x_wconf 62' lang='lat' dir='ltr'><strong>ita</strong></span> <span class='ocrx_word' id='word_1_464' title='bbox 1266 3768 1523 3820; x_wconf 80' lang='lat' dir='ltr'><strong>logarithmus</strong></span> <span class='ocrx_word' id='word_1_465' title='bbox 1537 3772 1689 3810; x_wconf 87' lang='lat' dir='ltr'><strong>numeri</strong></span> <span class='ocrx_word' id='word_1_466' title='bbox 1711 3742 1902 3844; x_wconf 46' lang='lat' dir='ltr'><strong>T{iutin</strong></span> <span class='ocrx_word' id='word_1_467' title='bbox 1917 3774 2246 3824; x_wconf 84' lang='lat' dir='ltr'><strong>tabulissumptus</strong></span> 
     </span>
     <span class='ocr_line' id='line_1_56' title="bbox 167 3823 2248 3909; baseline 0.018 -45"><span class='ocrx_word' id='word_1_468' title='bbox 167 3834 178 3851; x_wconf 74' lang='lat'><strong>³</strong></span> <span class='ocrx_word' id='word_1_469' title='bbox 365 3837 378 3857; x_wconf 81' lang='lat'>’</span> <span class='ocrx_word' id='word_1_470' title='bbox 514 3824 563 3850; x_wconf 73' lang='lat' dir='ltr'><strong>en</strong></span> <span class='ocrx_word' id='word_1_471' title='bbox 592 3825 615 3850; x_wconf 89' lang='lat'>⁰</span> <span class='ocrx_word' id='word_1_472' title='bbox 644 3825 712 3861; x_wconf 63' lang='lat' dir='ltr'><strong>per</strong></span> <span class='ocrx_word' id='word_1_473' title='bbox 736 3826 759 3851; x_wconf 67' lang='lat' dir='ltr'>a</span> <span class='ocrx_word' id='word_1_474' title='bbox 813 3841 823 3860; x_wconf 91' lang='lat'>’</span> <span class='ocrx_word' id='word_1_475' title='bbox 858 3823 902 3853; x_wconf 65' lang='lat' dir='ltr'><strong>ut</strong></span> <span class='ocrx_word' id='word_1_476' title='bbox 971 3845 980 3854; x_wconf 82' lang='grc'><em>“</em></span> <span class='ocrx_word' id='word_1_477' title='bbox 1067 3865 1091 3890; x_wconf 82' lang='lat' dir='ltr'><strong>a</strong></span> <span class='ocrx_word' id='word_1_478' title='bbox 1199 3853 1247 3893; x_wconf 80' lang='lat' dir='ltr'><strong>ad</strong></span> <span class='ocrx_word' id='word_1_479' title='bbox 1282 3854 1561 3906; x_wconf 85' lang='lat' dir='ltr'><strong>legarithmum</strong></span> <span class='ocrx_word' id='word_1_480' title='bbox 1591 3858 1764 3909; x_wconf 80' lang='lat' dir='ltr'><strong>ejusdem</strong></span> <span class='ocrx_word' id='word_1_481' title='bbox 1796 3859 1948 3897; x_wconf 83' lang='lat' dir='ltr'><strong>numeri</strong></span> <span class='ocrx_word' id='word_1_482' title='bbox 1979 3869 2179 3909; x_wconf 77' lang='lat' dir='ltr'><strong>sumptum</strong></span> <span class='ocrx_word' id='word_1_483' title='bbox 2205 3861 2248 3901; x_wconf 84' lang='lat' dir='ltr'><strong>in</strong></span> 
     </span>
    </p>
   </div>
   <div class='ocr_carea' id='block_1_30' title="bbox 1126 3922 1210 3960">
    <p class='ocr_par' dir='ltr' id='par_1_35' title="bbox 1126 3922 1210 3960">
     <span class='ocr_line' id='line_1_57' title="bbox 1126 3922 1210 3960; baseline 0.012 -1"><span class='ocrx_word' id='word_1_484' title='bbox 1126 3922 1210 3960; x_wconf 84' lang='lat'><strong>02</strong></span> 
     </span>
    </p>
   </div>
  </div>
 </body>
</html>
