2502 4192
255 261 360 307 230
797 256 1364 310 PHILOSOPHIAE
1405 257 1858 314 NATURALIS
1946 262 2400 328 [Mor.CoRPott.

251 416 348 451 nec
374 409 528 470 auget
551 416 650 451 nec
675 400 874 451 minuit.
955 398 1109 451 Certe
1136 400 1270 452 actio
1294 400 1456 463 fluidi,
1499 420 1615 470 quae
1640 402 1706 453 ab
1732 406 1839 474 ejus
1878 406 2263 474 compressione
2299 408 2406 459 ori-

251 501 352 555 tur,
396 491 578 543 fortior
615 511 725 543 esse
751 510 856 542 non
883 500 1053 558 potest
1078 490 1130 540 in
1156 501 1329 558 partes
1367 492 1590 559 posticas
1627 495 1857 561 corporis
1884 495 2010 547 moti
2035 496 2191 566 quam
2214 497 2269 547 in
2296 498 2405 566 ejus

248 591 422 649 partes
461 582 673 643 anticas,
720 580 942 649 ideoque
980 580 1323 631 resistentiam
1349 581 1403 631 in
1429 580 1527 632 hac
1556 582 1920 650 Propositione
1957 584 2270 654 descriptam
2307 588 2405 638 mi-

249 686 410 720 nuere
435 687 541 719 non
567 678 767 736 potest:
808 678 860 719 et
885 667 1068 718 sortior
1094 686 1201 718 non
1227 668 1324 719 erit
1349 668 1403 718 in
1426 678 1601 737 partes
1639 670 1834 721 anticas
1872 670 2027 740 quam
2064 673 2119 723 in
2158 674 2400 742 posticas,

249 759 293 809 si
318 757 475 808 modo
500 757 806 827 propagatio
835 757 944 825 ejus
982 755 1183 809 infinite
1208 756 1437 808 velocior
1462 758 1527 810 sit
1553 757 1707 828 quam
1743 770 1914 812 motus
1953 763 2184 830 corporis
2221 765 2401 831 pressi.

251 846 463 900 Infinite
489 857 660 898 autem
687 845 913 897 velocior
940 845 1037 897 erit
1062 855 1112 897 et
1130 846 1503 917 propagabitur
1528 848 1582 898 in
1606 848 1832 913 instanti,
1862 850 1904 900 si
1919 850 2078 901 modo
2102 852 2321 904 fluidum
2338 854 2403 905 sit

248 936 553 988 continuum
579 945 631 986 et
655 953 762 985 non
788 935 1072 986 elasticum.

322 1023 383 1093 (¹³)
417 1026 580 1076 Corol.
616 1030 660 1075 1.
719 1023 1107 1093 Cylindrorum,
1155 1023 1243 1093 qui
1281 1024 1567 1076 secundum
1603 1024 1957 1095 longitudines
1995 1046 2113 1079 suas
2137 1027 2192 1079 in
2215 1029 2400 1082 mediis

247 1116 506 1168 continuis
551 1114 765 1165 infinitis
803 1114 1127 1166 uniformiter
1163 1114 1585 1186 progrediuntur,
1630 1115 1933 1167 resistentiae
1970 1126 2092 1169 sunt
2120 1118 2175 1168 in
2200 1119 2399 1171 ratione

245 1224 362 1275 quae
389 1204 716 1273 componitur
741 1222 808 1255 ex
827 1202 1088 1271 duplicata
1114 1204 1314 1255 ratione
1339 1204 1669 1255 velocitatum
1697 1214 1748 1256 et
1773 1204 2033 1273 duplicata
2059 1207 2259 1259 ratione
2285 1207 2397 1259 dia-

244 1305 530 1347 metrorum
555 1305 606 1346 et
631 1294 829 1345 ratione
855 1293 1121 1345 densitatis
1147 1293 1455 1345 mediorum.

317 1385 370 1453 (¹)
403 1386 567 1436 Corol.
598 1390 646 1434 2.
690 1384 747 1436 Si
772 1382 1060 1451 amplitudo
1080 1382 1279 1434 'canalis
1305 1401 1413 1434 non
1439 1392 1691 1455 augeatur
1715 1383 1768 1435 in
1794 1384 2072 1449 infinitum,
2114 1385 2207 1437 sed
2232 1387 2396 1457 cylin-

244 1473 369 1524 drus
395 1472 451 1523 in
476 1471 649 1525 medio
688 1471 984 1543 quiescente
1019 1471 1220 1523 incluso
1257 1471 1543 1524 secundum
1583 1472 1959 1543 longitudinem
1999 1491 2144 1525 suam
2182 1492 2395 1547 progre-

297 1617 355 1670 (k)
381 1620 501 1658 Corol.
531 1623 563 1656 1.
611 1618 673 1657 Sic
699 1618 994 1658 demonstratur.
1058 1617 1294 1658 Resistentia

242 1672 407 1721 cylindri
426 1673 613 1722 cujusque
632 1679 690 1709 est
708 1671 851 1710 directe
871 1681 916 1710 ut
934 1672 1102 1710 densitas
1121 1672 1238 1710 medii
1254 1679 1293 1710 et

240 1726 298 1762 vis
316 1725 520 1762 uniformis
539 1724 617 1775 qua
635 1733 741 1763 totus
759 1725 922 1775 cylindri
939 1733 1082 1771 motuS,
1102 1738 1179 1776 quo
1193 1733 1292 1763 tem-

239 1790 334 1826 pore
353 1777 613 1828 quadruplum
634 1778 891 1828 longitudinis
919 1790 999 1816 suae
1024 1778 1203 1817 describit
1229 1778 1291 1816 vel

241 1832 417 1881 generari
445 1831 504 1868 vel
532 1832 616 1869 tolli
648 1832 779 1880 possit,
813 1839 851 1869 et
877 1831 1026 1869 inverse
1052 1839 1097 1869 ut
1123 1831 1291 1869 densitas

241 1883 405 1934 cylindri
428 1886 495 1935 (ex
515 1884 641 1928 dem.)
657 1900 668 1931 ;
698 1884 765 1922 sed
783 1885 840 1921 vis
859 1884 925 1922 illa
942 1883 1147 1922 uniformis
1165 1892 1222 1922 est
1249 1885 1290 1921 in

241 1937 392 1974 ratione
420 1936 631 1985 composita
651 1950 697 1974 ex
717 1937 929 1975 rationibus
947 1937 1099 1975 directis
1117 1937 1290 1987 longitu-

242 1989 343 2027 dinis
375 1990 552 2039 cylindri,
591 1990 768 2040 quadrati
797 1990 985 2034 diametri,
1025 1991 1222 2029 densitatis
1251 1997 1291 2028 et

240 2043 417 2092 quadrati
447 2044 658 2081 velocitatis
686 2052 724 2081 et
751 2056 798 2081 ex
825 2044 973 2082 ratione
999 2044 1149 2082 inversa
1173 2043 1285 2092 spatii

239 2096 430 2144 descripti,
474 2111 541 2135 seu
580 2110 627 2134 ex
663 2097 810 2134 ratione
846 2097 994 2135 inversa
1029 2097 1283 2148 longitudinis

238 2150 402 2199 cylindri
425 2150 571 2200 (280.).
633 2149 765 2195 Quare
786 2152 872 2201 (per
890 2151 1206 2198 compositionem
1225 2163 1286 2187 ra

238 2203 392 2243 tionum
420 2211 459 2241 et
486 2216 532 2241 ex
552 2204 694 2252 aequo),
729 2204 941 2241 resistentia
967 2204 1129 2252 cylindri
1157 2203 1286 2253 cujus-

238 2268 419 2306 cumque,
452 2256 484 2294 si
516 2258 738 2294 conferatur
767 2269 858 2293 cum
890 2256 1100 2294 resistentia
1131 2257 1287 2294 alterius

238 2309 418 2358 cylindri,
456 2318 514 2347 est
541 2311 581 2347 in
610 2309 757 2348 ratione
775 2322 863 2359 quae
882 2310 1125 2358 componitur
1151 2322 1198 2346 ex
1225 2322 1283 2347 ra-

238 2362 345 2399 tione
364 2363 563 2401 densitatis
590 2362 719 2408 medii,
754 2371 792 2400 et
819 2364 966 2400 ratione
992 2362 1186 2411 duplicata
1204 2362 1283 2400 dia-

238 2416 350 2453 metri
371 2424 409 2453 et
428 2416 622 2465 duplicata
641 2417 786 2453 ratione
806 2415 1024 2453 velocitatis.

293 2468 342 2518 (¹)
366 2472 385 2492 *
412 2472 530 2508 Corol.
557 2474 592 2507 2.
627 2469 689 2507 Sic
709 2469 1002 2506 demonstratur.
1043 2474 1063 2493 ²*
1082 2469 1123 2507 Si
1141 2469 1283 2507 canalis

237 2533 318 2559 non
337 2522 385 2559 sit
402 2522 579 2561 infinitus
597 2532 771 2571 respectu
790 2524 924 2560 baseos
944 2522 1107 2572 cylindri
1126 2523 1279 2569 inclusi,

237 2584 484 2613 resumantur
509 2589 554 2614 ea
581 2589 669 2626 quae
706 2578 778 2614 sub
806 2575 963 2612 initium
999 2576 1138 2614 Theor.
1169 2575 1282 2614 istius

239 2627 485 2667 XXXVII.
528 2630 776 2676 dicebantur3
824 2631 948 2676 primo
993 2642 1131 2678 nempe
1175 2629 1281 2680 quod

237 2681 467 2720 ascendente
485 2682 637 2721 circello
655 2683 696 2719 in
715 2682 837 2720 canali
856 2682 999 2728 clauso,
1026 2682 1203 2720 velocitas
1220 2695 1280 2720 re-

236 2734 354 2773 lativa
385 2748 494 2785 aquae
522 2749 673 2784 semper
699 2736 747 2773 sit
779 2735 827 2773 ad
859 2736 942 2785 ejus
970 2736 1206 2773 velocitatem
1234 2742 1279 2773 ut

236 2788 336 2825 basis
353 2789 496 2826 canalis
518 2789 554 2827 E
579 2789 611 2826 F
631 2789 680 2827 ad
698 2788 889 2826 annulum
912 2789 948 2826 E
974 2791 1003 2826 P
1022 2789 1099 2826 sive
1127 2789 1175 2826 ad
1203 2788 1277 2825 dif-

235 2841 437 2879 ferentiam
457 2843 690 2880 circulorum
712 2842 749 2879 E
775 2842 807 2879 F
827 2849 864 2879 et
886 2842 920 2879 P
944 2843 985 2886 9
1001 2843 1079 2879 sive
1097 2849 1142 2880 ut
1157 2842 1192 2879 E
1213 2842 1244 2879 F
1258 2844 1277 2866 2

236 2894 287 2931 ad
318 2895 354 2932 E
378 2895 411 2932 F
430 2897 449 2919 2
468 2917 522 2925 -
544 2895 579 2932 P
610 2896 650 2939 9
669 2897 712 2918 2·
703 2902 939 2945 ‚quaeratur
970 2895 1089 2946 igitur
1115 2894 1279 2933 altitudo

239 2947 261 2984 Ι
287 2947 319 2985 G
344 2948 429 2986 talis
448 2956 492 2986 ut
511 2948 690 2986 velocitas
709 2948 819 2997 lapsu
838 2961 905 2996 per
924 2961 1007 2986 eam
1028 2948 1211 2997 acquisita
1229 2948 1279 2986 sit

236 3000 286 3037 ad
314 3001 552 3039 velocitatem
581 3000 736 3047 cimelii,
770 3009 815 3038 ut
844 3001 880 3038 E
906 3001 938 3039 F
957 3004 975 3024 2
995 3001 1043 3039 ad
1073 3002 1110 3038 E
1135 3001 1167 3039 F
1186 3003 1205 3024 2
1224 3024 1278 3031 -

240 3052 275 3090 Ρ
299 3054 339 3098 9
353 3056 381 3097 2,
405 3062 442 3091 et
461 3055 491 3091 si
511 3055 681 3105 fingatur
696 3054 871 3091 circellus
889 3054 1072 3092 immotus
1091 3054 1130 3091 in
1149 3054 1278 3092 medio

235 3105 434 3144 foraminis
455 3107 491 3147 E
516 3108 548 3145 F
568 3115 605 3145 et
623 3120 722 3157 aqua
741 3107 881 3145 cadens
899 3120 946 3145 ex
965 3107 1169 3145 altitudine
1193 3108 1212 3145 l
1240 3108 1278 3147 G

235 3171 284 3196 ex
304 3172 391 3196 vase
410 3161 645 3209 amplissimo
670 3162 706 3198 A
724 3161 759 3198 B
780 3161 819 3198 D
837 3161 870 3198 B
892 3173 959 3208 per
978 3160 1075 3199 illud
1090 3160 1275 3206 foramen,

236 3210 329 3249 cum
363 3214 541 3250 velocitas
569 3226 678 3263 aquae
708 3213 822 3263 juxta
858 3213 1055 3251 circellum
1092 3215 1279 3252 transiens

236 3264 371 3302 eadem
409 3267 457 3303 sit
492 3280 536 3304 ac
568 3267 746 3304 velocitas
782 3269 988 3315 respectiva
1023 3280 1134 3316 aquae
1162 3267 1279 3317 juxta

235 3318 453 3367 cylindrum
482 3319 522 3359 in
550 3319 674 3356 canali
701 3320 832 3357 clauso
860 3328 1022 3364 motum,
1052 3320 1150 3357 actio
1168 3333 1278 3370 aquae

235 3371 278 3408 in
297 3371 492 3408 circellum
514 3374 692 3422 utrinque
721 3372 877 3423 aequalis
905 3372 1095 3410 censenda
1113 3381 1181 3419 est,
1210 3373 1275 3410 sed

234 3423 334 3461 actio
363 3437 472 3474 aquae
505 3425 582 3461 sive
612 3427 696 3474 ejus
727 3425 879 3473 pondus
907 3425 948 3462 in
985 3426 1181 3463 circellum
1208 3439 1277 3474 per

239 3478 329 3515 Cor.
372 3482 430 3515 10.
473 3478 583 3525 Prop.
621 3479 837 3516 XXXVI.
879 3488 936 3516 est
971 3478 1020 3516 ad
1056 3478 1275 3528 cylindrum

234 3530 347 3580 cujus
377 3531 477 3568 basis
507 3539 563 3567 est
594 3531 770 3568 circellus
807 3532 970 3569 altitudo
1000 3532 1026 3559 J*
1057 3532 1077 3570 Ι
1112 3533 1149 3570 G
1177 3533 1275 3569 sicut

236 3584 273 3621 E
300 3585 368 3622 F2
401 3584 450 3621 ad
481 3584 516 3620 E
542 3585 569 3619 1
590 3585 609 3606 2
627 3583 724 3633 ——12
748 3585 781 3621 Ρ
810 3585 898 3628 92,
934 3586 1016 3622 haec
1048 3585 1176 3635 itaque
1202 3585 1274 3622 erit

234 3638 332 3675 ratio
351 3637 575 3674 resistentiae
594 3635 642 3673 ad
663 3636 815 3683 pondus
834 3638 995 3686 cylindri
1023 3639 1135 3688 aquei
1163 3639 1273 3689 cujus

231 3691 332 3727 basis
350 3699 407 3727 est
424 3689 599 3727 circellus
616 3698 655 3726 et
673 3688 834 3726 altitudo
855 3691 882 3716 -1-
903 3691 919 3727 Ι
943 3692 1009 3738 G3
1029 3691 1096 3729 sed
1109 3692 1273 3741 gravitas

232 3752 290 3781 est
309 3745 363 3780 vis
381 3756 469 3793 quae
488 3752 658 3791 tempore
676 3754 754 3791 quo
771 3742 1005 3790 percurritur
1030 3743 1272 3781 uniformiter

231 3796 491 3844 quadruplum
519 3795 825 3846 longitudinis,2
800 3794 827 3821 ἑ
853 3796 869 3832 l
896 3796 933 3833 G
952 3797 1030 3834 sive
1050 3803 1073 3835 2
1096 3798 1116 3835 Ι
1142 3797 1179 3835 G
1208 3809 1270 3834 ve-

232 3848 384 3887 locitate
405 3850 512 3899 lapsu
532 3861 600 3898 per
622 3849 641 3886 1
667 3848 704 3886 G
725 3846 921 3899 acquisita,
942 3862 1126 3900 generare
1147 3857 1272 3900 potest

1346 1630 1432 1656 eam
1459 1616 1585 1667 ipsam
1612 1617 1865 1664 velocitatem,
1899 1624 1937 1655 et
1963 1616 2118 1666 pondus
2144 1617 2310 1666 cylindri
2338 1625 2395 1657 est

1346 1672 1430 1721 ipsa
1448 1673 1614 1721 gravitas
1639 1684 1708 1720 per
1734 1683 1899 1708 massam
1926 1670 2089 1719 cylindri
2119 1670 2389 1719 multiplicata,

1346 1737 1439 1775 ergo
1457 1724 1611 1773 pondus
1629 1723 1805 1773 cylindri,
1834 1731 1891 1761 est
1909 1722 1965 1759 vis
1983 1736 2069 1773 quae
2087 1722 2183 1760 dum
2202 1724 2393 1771 percurri-

1343 1785 1409 1816 tur
1425 1777 1688 1827 quadruplum
1718 1775 1975 1827 longitudinis
2000 1775 2165 1826 cylindri
2191 1776 2393 1815 velocitate

1344 1831 1455 1892 lapsu
1475 1828 1543 1878 pe‘r
1564 1831 1585 1867 Ι
1610 1830 1648 1868 G
1667 1829 1863 1880 acquisita,
1893 1841 2077 1880 generare
2095 1836 2220 1879 potest
2237 1836 2390 1868 motum

1346 1885 1430 1935 ejus
1448 1883 1610 1933 cylindri
1629 1896 1675 1921 ea
1692 1882 1890 1920 velocitate
1908 1882 2017 1920 moti.

1402 1935 1505 1975 Cum
1524 1935 1615 1974 verb
1633 1936 1805 1974 celeritas
1831 1948 1919 2000 quae
1937 1935 2048 1984 lapsu
2066 1948 2133 1985 per
2154 1935 2177 1974 I
2201 1936 2241 1975 G
2257 1937 2389 1988 acqui-

1343 1990 1442 2027 ritur
1459 1989 1508 2026 sit
1526 1990 1575 2027 ad
1593 2002 1679 2027 eam
1697 2001 1786 2027 cum
1806 2001 1885 2039 qua
1911 1988 2110 2039 cylindrus
2135 1997 2315 2028 movetur
2342 1997 2390 2029 ut

1345 2044 1382 2081 E
1406 2043 1439 2080 F
1458 2046 1477 2065 2
1496 2042 1544 2080 ad
1568 2044 1603 2080 E
1628 2043 1661 2080 F
1680 2045 1699 2066 2
1719 2064 1773 2072 -
1794 2043 1827 2080 P
1851 2043 1893 2087 9
1910 2044 1943 2079 2.
2006 2042 2284 2091 Quadruplum
2301 2043 2389 2081 lon-

1342 2096 1530 2148 gitudinis
1550 2095 1713 2145 cylindri
1731 2094 1886 2145 propria
1904 2108 1976 2133 sua
1990 2095 2182 2134 celeritate
2194 2096 2272 2133 alio
2286 2103 2387 2134 tem-

1339 2161 1432 2198 pore
1451 2159 1644 2198 percurret
1662 2162 1780 2199 quam
1798 2149 1830 2186 si
1847 2156 2048 2187 moveatur
2064 2148 2256 2187 celeritate
2274 2149 2387 2198 lapsu

1339 2216 1409 2251 per
1429 2203 1451 2240 I
1481 2203 1519 2242 G
1538 2202 1735 2253 acquisita.
1799 2202 1976 2240 Gravitas
2000 2215 2093 2253 ergo
2111 2201 2286 2252 cylindri,
2315 2202 2388 2242 erit

1340 2256 1390 2293 ad
1419 2268 1505 2293 eam
1541 2255 1621 2293 vim
1649 2269 1727 2306 qua
1758 2255 1924 2305 cylindri
1959 2254 2139 2293 velocitas
2174 2256 2386 2305 acquiritur

1340 2317 1514 2358 tempore
1532 2321 1610 2359 quo
1628 2308 1890 2360 quadruplum
1908 2308 2163 2359 longitudinis
2189 2321 2270 2346 suae
2296 2322 2384 2357 pro-

1339 2361 1426 2412 pria
1444 2375 1513 2400 sua
1537 2363 1731 2400 celeritate
1758 2361 1996 2408 describitur,
2027 2360 2168 2399 directe
2186 2369 2231 2399 ut
2249 2362 2384 2400 celeri-

1337 2423 1436 2454 tates
1461 2428 1549 2466 quae
1576 2415 1622 2453 iis
1648 2415 1793 2453 viribus
1819 2414 2072 2465 acquiruntur
2098 2422 2137 2452 et
2163 2413 2312 2453 inverse
2338 2422 2384 2454 ut

1336 2476 1510 2518 tempora
1527 2469 1667 2519 quibus
1685 2468 1949 2519 acquiruntur,
1969 2480 2057 2518 quae
2076 2475 2249 2516 tempora
2264 2470 2377 2520 (cum

1336 2531 1473 2572 agatur
1491 2522 1539 2559 de
1558 2520 1806 2560 describendo
1824 2520 2069 2558 uniformiter
2096 2520 2231 2558 eodem
2259 2522 2382 2571 spatio

1334 2574 1551 2625 quadruplo
1569 2587 1708 2624 nempe
1726 2573 1980 2625 longitudinis
1999 2573 2181 2624 cylindri)
2210 2581 2302 2612 sunt
2319 2575 2381 2612 in-

1334 2627 1440 2666 verse
1458 2636 1504 2666 ut
1523 2628 1751 2673 velocitates,
1780 2626 1944 2678 ideoque
1966 2627 2121 2676 pondus
2139 2626 2303 2677 cylindri
2322 2634 2381 2667 est

1335 2681 1385 2720 ad
1403 2681 1482 2718 vim
1499 2694 1577 2731 qua
1594 2681 1678 2731 ejus
1697 2680 1862 2731 cylindri
1887 2688 2018 2718 motus
2044 2680 2255 2731 acquiritur
2280 2687 2379 2718 tem-

1334 2747 1429 2784 pore
1447 2747 1525 2786 quo
1548 2733 1810 2785 quadruplum
1837 2732 2093 2784 longitudinis
2118 2746 2201 2771 suae
2225 2733 2380 2783 propria

1334 2802 1405 2826 sua
1423 2788 1616 2826 celeritate
1643 2786 1871 2825 describitur
1896 2787 1954 2825 bis
1980 2784 2125 2824 directe
2142 2793 2188 2824 ut
2205 2786 2379 2825 celeritas

1332 2841 1445 2890 lapsu
1463 2854 1531 2890 per
1553 2842 1571 2879 1
1598 2841 1636 2879 G
1656 2840 1854 2891 acquisita,
1874 2839 1924 2877 ad
1942 2839 2177 2878 celeritatem
2198 2839 2374 2890 cylindri,

1333 2894 1606 2933 sivebisutE
1629 2893 1841 2941 F2,adE
1866 2893 2067 2931 F2—P
2089 2893 2177 2937 92.

1389 2948 1498 2997 Ergo
1517 2961 1563 2985 ex
1583 2959 1695 2997 aequo
1708 2946 1919 2985 resistentia
1937 2953 1994 2984 est
2012 2946 2061 2984 ad
2078 2959 2163 2984 eam
2181 2946 2258 2984 vim
2278 2945 2378 2986 sicut

1334 3001 1372 3039 E
1396 2999 2214 3051 F2adEF2-{PQ2etbisutE
2238 3000 2372 3039 F²ad

1334 3054 1372 3092 E
1397 3054 1431 3092 F
1449 3055 1467 3077 2
1486 3076 1538 3084 -
1563 3053 1598 3091 Ρ
1621 3054 1705 3098 92.
1758 3053 1827 3100 At,
1849 3065 1919 3090 nec
1938 3051 2149 3091 resistentia
2166 3065 2238 3091 nec
2256 3065 2302 3091 ea
2319 3052 2377 3091 vis

1332 3114 1535 3146 mutantur
1552 3105 1797 3158 longitudine
1815 3105 1979 3157 cylindri
2006 3113 2164 3150 mutata,
2194 3105 2261 3143 sed
2288 3114 2374 3144 tan-

1331 3168 1418 3199 tum
1450 3159 1637 3198 densitate
1668 3158 1818 3197 mutata
1844 3165 1890 3196 ut
1915 3171 1962 3197 ex
1989 3158 2071 3207 ipsa
2098 3158 2376 3208 Propositionis

1333 3213 1657 3251 demonstratione
1684 3212 1815 3263 liquet,
1845 3219 1902 3250 est
1926 3218 2055 3250 autem
2076 3211 2133 3249 vis
2149 3211 2228 3262 quii
2245 3219 2375 3251 motus

1332 3267 1373 3304 in
1392 3265 1566 3317 cylindro
1582 3278 1705 3316 aqueo
1731 3272 1948 3316 generatur,
1981 3264 2071 3302 dato
2097 3272 2269 3314 tempore
2293 3277 2373 3316 quo

1332 3319 1592 3370 quadruplum
1611 3331 1691 3356 suae
1709 3317 1964 3368 longitudinis
1981 3317 2053 3355 sua
2070 3330 2161 3356 cum
2176 3318 2376 3357 velocitate

1332 3372 1529 3422 percurrit,
1568 3371 1616 3409 ad
1649 3384 1734 3409 eam
1766 3371 1845 3408 vim
1880 3383 1957 3421 qua
1991 3378 2121 3409 motus
2156 3371 2198 3408 in
2234 3370 2374 3422 aequali

1333 3425 1518 3475 cylindro,
1547 3424 1615 3462 sed
1641 3424 1798 3462 diversae
1817 3423 2013 3462 densitatis
2030 3423 2169 3474 aequali
2188 3436 2279 3462 cum
2306 3436 2371 3462 ve-

1330 3479 1482 3516 locitate
1500 3488 1618 3524 moto,
1640 3476 1777 3515 eodem
1791 3484 1963 3526 tempore
1981 3484 2198 3527 generatur,
2217 3484 2263 3514 ut
2276 3476 2373 3515 den-

1330 3532 1420 3569 sitas
1450 3544 1561 3582 aquae
1589 3530 1667 3568 sive
1698 3530 1829 3575 medii,
1862 3530 1909 3568 ad
1937 3529 2164 3568 densitatem
2192 3529 2369 3579 cylindri,

1330 3598 1422 3635 ergo
1440 3584 1595 3622 tandem
1615 3583 1829 3621 resistentia
1846 3590 1903 3621 est
1921 3584 1970 3620 ad
1987 3583 2066 3620 vim
2084 3595 2162 3632 qua
2179 3590 2308 3620 motus
2325 3583 2368 3620 in

1328 3637 1503 3687 cylindro
1533 3636 1708 3688 generari
1740 3636 1800 3673 vel
1827 3636 1911 3674 tolli
1939 3642 2063 3683 potest
2094 3647 2173 3685 quo
2199 3643 2372 3685 tempore

1327 3690 1588 3741 quadruplum
1620 3702 1700 3727 suae
1727 3689 1980 3740 longitudinis
2006 3687 2159 3737 propria
2184 3701 2274 3726 cum
2301 3702 2365 3726 ve-

1324 3744 1477 3782 locitate
1495 3742 1683 3787 describit,
1703 3749 1748 3780 ut
1770 3743 1805 3780 E
1826 3743 1857 3780 F
1871 3744 1890 3765 2
1909 3742 1957 3779 ad
1980 3742 2016 3778 E
2041 3741 2072 3778 F
2085 3743 2103 3764 2
2114 3742 2210 3793 --ξ
2235 3742 2269 3780 Ρ
2291 3742 2363 3786 92

1326 3805 1365 3834 et
1382 3796 1441 3834 bis
1455 3804 1499 3834 ut
1520 3796 1556 3833 E
1574 3795 1606 3834 F
1621 3797 1639 3817 2
1657 3794 1705 3833 ad
1728 3795 1763 3832 E
1790 3795 1854 3832 F2
1874 3816 1929 3825 -—
1944 3794 1977 3832 P
1993 3794 2061 3839 92
2081 3803 2119 3832 et
2137 3804 2181 3831 ut
2198 3794 2366 3832 densitas

2019 3848 2067 3892 Q„
2094 3860 2127 3885 e.
2151 3847 2188 3885 d.

1325 3849 1443 3888 medii
1462 3848 1510 3887 ad
1530 3847 1755 3887 densitatem
1776 3847 1951 3897 cylindri.
