2502 4192
227 267 332 314 224
767 259 1334 314 PHILOSOPHIAE
1361 260 1813 314 NATURALIS
1906 262 2086 327 [MOT.
2118 262 2369 315 Gomon.

229 404 337 472 ejus
374 411 544 453 motus
587 402 910 453 horizontem
946 420 1140 453 versus.
1217 403 1282 470 (¹¹)
1312 401 1382 453 Et
1419 400 1523 470 quo
1560 402 1732 452 mitior
1757 411 1835 454 est
1859 403 2091 455 circellus
2121 404 2166 455 P
2198 404 2267 465 Q,
2309 403 2371 455 eo

230 492 429 543 acutior
457 492 554 542 erit
578 501 758 542 vertex
783 490 1068 559 columnae3
1112 500 1164 542 et
1189 489 1397 541 circello
1435 490 1491 539 in
1526 489 1786 541 infinitum
1822 491 2092 555 diminute,
2133 494 2369 563 angulus,

232 583 279 634 P
307 583 367 634 H
395 583 449 645 Q
485 583 540 634 in
577 583 838 633 infinitum
874 581 1191 632 diminuetur
1215 590 1268 632 et
1290 565 1567 649 propterea
1591 581 1831 632 columna
1846 583 2038 650 jacebit
2062 584 2196 635 intra
2221 583 2372 634 dimi-

231 671 376 723 dium
403 671 725 740 sphaeroidis.
803 670 900 722 Est
923 670 1081 741 igitur
1106 669 1348 721 columna
1373 668 1460 721 illa
1486 669 1656 720 minor
1680 669 1895 721 dimidio
1921 671 2240 739 sphaeroidiS,
2282 690 2373 723 seu

230 765 432 816 duabus
460 765 621 815 tertiis
646 763 879 832 partibus
919 762 1138 832 cylindri
1162 763 1306 831 cujus

231 855 369 906 basis
390 864 468 905 est
487 853 723 905 circellus
744 853 831 905 ille
851 862 902 904 et
918 852 1136 904 altitudo
1159 852 1212 904 G
1232 852 1308 904 H.

242 943 474 995 Sustinet
513 953 687 997 autem
727 943 963 995 circellus
1013 943 1119 994 vim
1168 962 1318 1013 aquae

1458 842 1518 916 Κ
1866 853 1900 919 1.
2288 863 2338 910 L

1478 925 1483 930 .
1881 925 1962 1036 {H
2303 924 2310 931 .

1475 938 1482 959 :
2303 937 2309 956 ἒ

1475 966 1482 974 ι
2302 963 2309 972 -

1428 966 1454 1017 Α
1475 981 1481 986 ”
2302 979 2309 999 :

1485 1011 1504 1027 '·
2271 1027 2278 1033 ,
2313 980 2365 1028 B

1508 1028 1539 1057 α..
2236 1034 2267 1060 e„

1543 1059 1550 1067 0
2227 1061 2235 1070 Ι

1551 1071 1559 1079 .
2216 1072 2227 1081 0

2208 1084 2215 1092 -

231 1033 457 1100 ponderi
507 1034 662 1104 hujus
726 1035 982 1087 columnae
1044 1036 1315 1106 aequalem,

237 1119 357 1173 cum
391 1124 599 1192 pondus
638 1143 788 1194 aquae
825 1124 1097 1176 ambientis
1132 1125 1186 1175 in
1224 1124 1314 1178 de-

233 1211 436 1262 fluxum
462 1213 570 1281 ejus
597 1213 941 1281 impendatur.

312 1302 475 1354 Corol.
505 1311 554 1355 9.
613 1302 827 1354 Pondus
854 1322 1003 1372 aquae
1029 1322 1185 1374 quam
1211 1304 1309 1355 cir-

234 1390 393 1443 cellus
445 1390 596 1442 valde
644 1409 836 1459 parvus
890 1392 935 1443 P
975 1392 1029 1453 Q
1080 1392 1309 1454 sustinet,

232 1478 432 1547 aequale
459 1488 538 1530 est
561 1478 782 1547 ponderi
810 1479 1029 1549 cylindri
1055 1499 1204 1549 aquae
1229 1498 1317 1533 cu-

227 1567 313 1635 jus
350 1567 489 1619 basis
528 1578 606 1619 est
643 1567 877 1619 circellus
903 1568 990 1620 ille
1017 1578 1068 1620 et
1093 1568 1310 1620 altitudo

1078 1660 1142 1727 (¹)
1173 1660 1311 1711 Nam

230 1746 436 1815 pondus
462 1744 625 1796 hocce
651 1756 729 1797 est
753 1746 982 1798 medium
1018 1747 1303 1801 arithmeti-
1441 1777 1484 1827 c

232 1854 351 1889 cum
370 1836 504 1887 inter
522 1835 756 1904 pondera
777 1836 894 1887 coni
919 1846 971 1888 et
994 1836 1305 1906 hemisphae-

231 1928 390 1979 roidis
426 1927 708 1995 praedictae.
785 1928 860 1979 At
885 1929 928 1979 si
954 1929 1190 1981 circellus
1215 1931 1302 1983 ille
1327 1949 1433 1982 non
1468 1930 1533 1982 sit
1557 1929 1705 1982 valde
1741 1948 1948 1999 parVUS,
1996 1930 2087 1983 sed
2124 1941 2376 2003 augeatur

231 2018 398 2068 donec
424 2026 596 2085 aequet
620 2014 854 2067 foramen
882 2016 929 2068 E
958 2017 1032 2079 F3
1059 2017 1144 2069 hic
1169 2019 1438 2071 sustinebit
1452 2019 1656 2088 pondus
1676 2037 1824 2089 aquae
1849 2021 2006 2072 totius
2033 2021 2130 2071 sibi
2154 2040 2375 2089 perpen-

231 2105 528 2157 diculariter
552 2104 882 2168 imminentis,
910 2105 965 2156 id
991 2115 1081 2170 est,
1109 2107 1315 2176 pondus
1343 2107 1563 2178 cylindri
1587 2125 1736 2177 aquae
1762 2110 1905 2178 cujus
1930 2108 2068 2161 basis
2095 2119 2173 2161 est
2197 2109 2374 2162 circel-

231 2197 311 2248 lus
338 2196 424 2247 ille
450 2205 502 2247 et
528 2195 747 2247 altitudo
772 2206 849 2248 est
877 2195 931 2248 G
958 2196 1034 2248 H.

233 1665 311 1709 est
347 1659 380 1722 ᾗ
411 1656 465 1708 G
494 1657 555 1708 H
590 1657 998 1725 quamproxime.

1697 1741 1748 1827 1⁴1³
1783 1738 1990 1828 iffi-'fa
2023 1737 2076 1831 Ἐ

2242 1787 2297 1835 1)

1947 2326 1968 2345 0

234 2387 344 2425 aquae
362 2374 404 2411 in
425 2375 484 2420 H,
514 2374 658 2413 lineam
686 2388 843 2413 curvam
874 2376 918 2413 H
944 2376 979 2413 P
996 2382 1106 2413 motu
1126 2388 1283 2424 compo-
1336 2376 1432 2427 gulo
1450 2377 1476 2413 h
1494 2376 1537 2414 H
1553 2389 1605 2422 m,
1628 2389 1696 2414 seu
1714 2375 1859 2428 angulo
1877 2388 1917 2413 m
1933 2375 1977 2413 H
1997 2375 2034 2414 G
2053 2383 2156 2414 recto
2175 2375 2371 2420 existente,

235 2430 308 2466 sito
335 2427 535 2473 describat,
566 2441 764 2466 necessum
783 2437 840 2466 est
858 2436 901 2466 ut
919 2429 1089 2478 angulus
1121 2429 1155 2466 P
1177 2429 1221 2466 H
1245 2430 1282 2467 G
1337 2430 1445 2467 sinus
1477 2430 1610 2480 anguli
1637 2442 1677 2466 m
1708 2430 1752 2467 H
1786 2430 1836 2475 G,
1870 2427 2021 2466 infinite
2047 2430 2171 2480 major
2201 2435 2258 2466 est
2284 2428 2374 2465 sinu

235 2483 285 2519 sit
303 2489 450 2527 acutus,
471 2488 510 2518 et
528 2480 688 2530 proinde
707 2481 888 2520 columna
910 2482 945 2519 P
967 2482 1011 2519 H
1030 2482 1070 2526 Q
1087 2482 1285 2532 cuspidata
1338 2482 1473 2533 anguli
1492 2484 1517 2519 h
1540 2483 1584 2519 H
1604 2495 1657 2519 m.
1720 2483 1852 2527 Quare
1870 2482 1902 2519 si
1921 2481 2088 2532 angulus
2106 2495 2147 2518 m
2171 2482 2209 2518 H
2236 2482 2274 2519 G
2293 2494 2375 2519 rec-

235 2535 278 2572 in
314 2534 372 2572 H.
436 2535 640 2575 Describat
675 2535 780 2573 enim
814 2534 972 2586 guttula
1003 2547 1113 2586 aquae
1138 2535 1280 2573 lineam
1334 2544 1400 2573 tus
1420 2536 1479 2581 sit,
1499 2535 1744 2574 horizontalis
1762 2543 1892 2573 motus
1909 2547 2019 2584 aquae
2037 2535 2109 2572 erit
2125 2532 2276 2572 infinite
2294 2547 2376 2572 rna-

1291 2606 1293 2608 >
1328 2589 1392 2639 jor
1410 2587 1526 2639 quam
1545 2596 1673 2626 motus
1692 2588 1774 2638 ejus
1789 2588 1986 2625 verticalis,
2034 2587 2152 2632 Quod
2166 2587 2376 2626 absurdum

807 2654 843 2702 I
1335 2649 1414 2689 est3
1434 2641 1602 2693 angulus
1619 2641 1739 2691 igitur
1756 2653 1794 2678 m
1818 2641 1862 2678 H
1888 2641 1925 2678 G
1944 2648 2080 2678 acutus
2099 2649 2166 2678 est.

1390 2710 1446 2762 (⁸¹)
1470 2714 1490 2735 ³*
1514 2712 1569 2749 Et
1587 2708 1661 2760 qu&
1681 2712 1808 2748 minor
1825 2716 1877 2747 est
1895 2711 2065 2748 circellus
2078 2711 2116 2747 P
2131 2711 2175 2752 Q.
2221 2707 2324 2745 Nam
2343 2707 2376 2744 si

1336 2763 1511 2801 circellus
1533 2763 1568 2800 P
1590 2763 1632 2807 Q
1646 2760 1700 2800 ita
1718 2769 1915 2812 augeatur,
1945 2768 1990 2799 ut
2008 2761 2184 2811 adaequet
2198 2760 2374 2798 foramen

1339 2817 1375 2854 E
1400 2816 1433 2853 F
1453 2816 1624 2866 illudque
1643 2815 1833 2861 occludat,
1855 2814 2036 2853 columna
2059 2814 2092 2851 P
2115 2814 2157 2851 H
2182 2814 2223 2858 Q
2239 2812 2375 2851 evadet
2411 2849 2413 2853 .

1337 2869 1555 2919 cylindrica,
1588 2876 1626 2906 et
1652 2876 1756 2906 recta
1775 2881 1814 2905 m
1835 2869 1860 2905 h
1889 2867 2128 2906 coincidente
2153 2879 2250 2905 cum
2281 2866 2325 2903 H
2347 2867 2372 2902 h

1338 2922 1506 2973 angulus
1534 2935 1572 2959 m
1597 2923 1637 2960 H
1665 2923 1702 2960 G
1731 2929 1857 2959 rectus
1874 2921 1946 2958 erit
1961 2936 1972 2967 3
2008 2927 2046 2958 et
2072 2918 2204 2958 contra
2222 2919 2373 2958 circello
2407 2933 2423 2953 μ

1337 2975 1377 3012 in
1405 2975 1599 3013 infinitum
1628 2975 1830 3018 diminuto,
1864 2973 2052 3012 coincidet
2081 2973 2124 3010 H
2145 2985 2184 3009 m
2208 2973 2253 3018 P,
2282 2985 2372 3010 cum

1338 3041 1408 3065 axe
1430 3029 1474 3066 H
1500 3030 1549 3072 G,
1578 3028 1821 3079 angulusque
1840 3040 1878 3064 m
1903 3027 1947 3064 H
1972 3027 2008 3064 G
2027 3033 2234 3063 evanescet.
2297 3025 2372 3063 Co-

1337 3081 1472 3119 lumna
1491 3081 1609 3131 igitur
1627 3090 1703 3118 tam
1723 3080 1772 3118 ad
1792 3080 2003 3128 superiores
2021 3087 2146 3127 partes
2164 3077 2294 3115 versus
2311 3079 2367 3123 H,

1337 3133 1457 3184 quam
1476 3134 1525 3172 ad
1545 3134 1741 3171 inferiores
1758 3142 1884 3182 partes
1902 3130 2033 3170 versus
2049 3131 2085 3169 P
2102 3140 2141 3170 et
2163 3131 2214 3176 Q,
2230 3131 2370 3182 jacebit

1334 3185 1438 3225 intra
1455 3186 1659 3225 dimidium
1678 3185 1910 3236 sphaeroidis.

1391 3256 1448 3308 (¹)
1475 3259 1492 3280 *
1516 3258 1619 3296 IVam
1634 3259 1788 3307 pondus
1806 3259 1913 3294 hocce
1931 3262 1984 3293 est
2000 3256 2164 3293 medium
2193 3256 2371 3293 arithme-

1336 3312 1468 3348 ticum.
1527 3308 1629 3347 Cum
1660 3309 1762 3347 enim
1793 3309 1974 3347 columna
2005 3308 2073 3345 illa
2104 3320 2223 3358 aquae.
2252 3320 2368 3357 quam

1337 3362 1511 3400 citcellus
1530 3361 1639 3399 valde
1666 3375 1804 3411 parvus
1831 3361 2003 3407 sustinet,
2038 3361 2159 3411 major
2185 3360 2234 3397 sit
2260 3358 2370 3397 tertia

1336 3423 1443 3464 parte
1461 3415 1623 3465 cylindri
1650 3417 1760 3464 cujus
1777 3415 1876 3453 basis
1895 3422 1950 3452 est
1968 3414 2141 3451 circellus
2159 3413 2224 3450 ille
2251 3421 2288 3449 et
2314 3413 2370 3449 al-

1336 3468 1462 3506 titudo
1497 3469 1539 3505 H
1565 3468 1602 3506 G
1624 3468 1732 3519 (Cor.
1753 3467 1825 3517 7.),
1856 3475 1894 3505 et
1925 3467 2050 3504 minor
2076 3466 2232 3505 duabus.
2251 3464 2369 3503 tertiis

1336 3522 1508 3570 partibus
1536 3521 1706 3572 ejusdem
1740 3520 1901 3569 cylindri
1934 3520 2044 3570 (Cor.
2081 3519 2155 3567 8.),
2186 3519 2256 3554 erit
2287 3516 2368 3556 fer&

1337 3575 1493 3625 aequalis
1511 3574 1639 3620 medio
1653 3574 1889 3611 arithmetico
1905 3573 2002 3611 inter
2020 3571 2211 3621 cylindros
2229 3569 2256 3621 ᾗ
2276 3569 2311 3608 Ρ
2328 3571 2371 3615 Q

560 3461 609 3507 1>
753 3469 807 3514 G
957 3472 1008 3522 a

239 3588 358 3626 quam
378 3576 578 3615 minimam
596 3576 641 3614 H
653 3577 692 3621 h,
708 3583 818 3615 motu
836 3576 1072 3622 horizontali,
1095 3583 1134 3614 et
1147 3576 1281 3614 eodem

239 3631 422 3678 temporis
440 3637 638 3668 momento
665 3629 805 3667 lineam
834 3631 859 3666 h
879 3643 931 3676 m,
963 3638 1072 3668 motu
1100 3629 1280 3674 verticali,

238 3682 355 3732 atque
374 3696 506 3721 arcum
530 3683 573 3720 H
594 3695 633 3719 m
653 3690 762 3719 motu
782 3682 1016 3730 composit0;
1047 3692 1085 3721 et
1104 3682 1282 3721 velocitas

239 3735 485 3775 horizontalis
515 3736 586 3773 erit
621 3735 670 3774 ad
706 3734 946 3772 velocitatem
984 3736 1201 3774 verticalem
1237 3742 1283 3773 ut

242 3787 284 3824 H
307 3789 515 3834 hadhm,
537 3788 663 3834 idest,
684 3787 953 3825 utsinushm
976 3788 1281 3827 HseumHG

238 3839 288 3878 nd
307 3841 437 3880 sinum
456 3841 592 3893 anguli
612 3842 638 3879 h
659 3842 703 3879 H
724 3853 776 3879 m.
839 3839 914 3879 Sed
940 3849 1188 3881 evanescente
1212 3853 1280 3880 an-

1339 3633 1380 3674 ><
1408 3629 1451 3665 H
1477 3629 1531 3675 G,
1559 3624 1642 3681 et}
1667 3627 1700 3664 P
1724 3628 1824 3673 ΩΧ
1853 3627 1896 3664 H
1921 3626 1970 3663 G.
2031 3626 2106 3663 Est
2130 3631 2259 3661 autem
2286 3636 2368 3661 me-

1335 3681 1444 3724 dium
1462 3680 1556 3718 illud
1572 3681 1854 3718 arithmeticum
1870 3678 2015 3729 aequale
2026 3676 2369 3719 dimidiat-summae

1335 3733 1493 3771 illorum
1512 3733 1784 3784 cylindrorum,
1805 3732 1845 3773 ixl
1864 3741 1930 3775 est,
1959 3730 2131 3780 cylindm
2158 3729 2184 3779 ἐξ
2205 3725 2239 3767 Ρ
2262 3729 2301 3772 Ω
2321 3733 2363 3774 χ

1339 3785 1388 3824 Η
1408 3787 1458 3832 G,
1487 3788 1601 3839 cujus
1627 3787 1728 3826 basis
1744 3792 1802 3825 est
1820 3784 1994 3826 circellus
2016 3783 2050 3821 P
2074 3783 2125 3829 Q,
2152 3791 2193 3821 et.
2208 3780 2369 3821 altitudo
