2502 4192
161 257 340 309 mez
372 260 640 320 Summo]
716 252 1114 305 PRINCIPIA
1169 247 1788 302 MATHEMATICA.

157 401 257 472 qua
284 399 471 450 lineola
498 398 545 449 E
575 396 628 449 G
654 397 707 447 in
732 396 858 447 locis
884 396 988 446 suis
1018 396 1062 446 P
1088 403 1139 446 et
1168 395 1205 446 S
1231 402 1461 463 urgetur,
1503 401 1581 443 est
1606 391 1673 443 ad
1699 391 1902 441 lineolae
1929 391 2065 441 illius
2091 391 2298 458 pondus

155 503 213 544 ut
251 491 392 543 HK
435 500 476 541 ><
517 487 736 539 AadV
777 498 818 540 ><
860 486 1006 548 EG,
1050 486 1155 536 sive
1190 493 1249 535 ut
1287 482 1566 539 PO><A
1604 482 1671 532 ad
1709 481 1852 543 VV,
1895 481 1958 549 (⁶¹)
1995 499 2115 530 nam
2156 480 2298 531 HK

155 591 266 632 erat
289 578 355 629 ad
383 577 430 628 E
450 576 502 627 G
529 585 587 626 ut
614 576 658 627 P
677 574 728 626 O
753 573 820 625 ad
846 574 912 625 V.
989 573 1168 634 Quare
1194 570 1313 623 cum
1339 580 1591 638 tempora,
1622 569 1809 638 quibus
1835 567 2054 637 aequalia
2080 585 2300 634 corpora

153 689 248 739 per
283 669 499 739 aequalia
535 667 699 737 spatia
740 663 1092 733 impelluntur,
1147 664 1250 716 sint
1299 661 1360 730 (e)
1400 659 1663 729 reciproce
1712 659 1766 709 in
1818 656 2175 724 subduplicata
2214 675 2297 707 ra-

155 764 295 814 tione
331 763 536 824 virium,
582 761 679 812 erit
715 768 918 826 tempus
957 755 1257 807 vibrationis
1295 753 1465 815 unius,
1510 762 1731 823 urgente
1759 752 1807 801 vi
1841 748 1928 801 illa
1967 748 2189 811 elasticzi,
2231 750 2298 799 ad

153 865 358 921 tempus
386 849 704 912 vibrationis,
733 856 952 918 urgente
977 846 1027 898 vi
1051 843 1311 914 ponderiS,
1350 844 1405 893 in
1430 842 1793 910 subduplicata
1829 841 2028 892 ratione
2066 841 2117 892 V
2144 841 2193 890 V
2231 840 2298 890 ad

156 945 203 997 P
230 943 281 996 Ο
308 957 350 1000 ><
384 943 450 1004 A,
495 940 549 1009 (f)
577 950 729 1009 atque
753 936 872 988 ideo
898 936 965 987 ad
991 945 1191 1003 tempus
1217 932 1550 985 oscillationis
1587 931 1803 1001 penduli
1842 932 1985 1000 cujus
2023 930 2298 1001 longitudo

154 1046 230 1086 est
255 1036 305 1086 A
329 1035 384 1084 in
409 1027 765 1099 subduplicata‘i
803 1027 1002 1079 ratione
1029 1027 1079 1078 V
1105 1026 1156 1077 V
1181 1025 1248 1076 ad
1277 1025 1322 1077 P
1350 1024 1400 1077 Ο
1429 1037 1471 1080 ><
1504 1026 1572 1087 A,
1613 1035 1665 1075 et
1703 1022 2060 1092 subduplicate'i
2099 1023 2298 1073 ratione

156 1124 203 1176 P
231 1123 282 1175 O
307 1122 374 1174 ad
401 1122 452 1172 A
478 1117 822 1187 conjunctim3
863 1115 918 1166 id
944 1124 1036 1176 est,
1075 1114 1130 1164 in
1167 1114 1367 1165 ratione
1392 1112 1593 1183 integr&
1620 1113 1671 1163 V
1696 1112 1763 1163 ad
1789 1113 1855 1163 A.
1934 1112 2038 1164 Sed
2064 1122 2298 1179 tempore

152 1211 450 1263 vibrationis
475 1208 627 1260 unius
654 1224 721 1258 ex
745 1205 821 1255 itu
846 1214 897 1255 et
921 1203 1091 1255 reditu
1117 1202 1433 1270 compositae,
1462 1201 1642 1269 pulsus
1669 1200 2057 1271 progrediendo
2084 1200 2295 1251 conficit

152 1300 476 1353 latitudinem
501 1319 646 1352 suam
674 1300 721 1352 B
745 1301 805 1353 C.
863 1300 1008 1370 Ergo
1033 1310 1255 1368 tempus,
1284 1317 1387 1369 quo
1412 1298 1593 1368 pulsus
1620 1297 1876 1366 percurrit
1903 1297 2128 1366 spatium
2158 1298 2203 1349 B
2232 1297 2293 1359 C,

154 1390 219 1459 (g)
247 1399 325 1441 est
350 1388 417 1440 ad
442 1398 646 1457 tempus
684 1388 1011 1440 oscillationis
1048 1388 1200 1439 unius
1225 1406 1291 1439 ex
1315 1388 1390 1438 itu
1418 1398 1469 1438 et
1505 1386 1674 1438 reditu
1712 1387 2032 1455 compositae,
2072 1398 2130 1438 ut
2156 1388 2206 1439 V
2231 1388 2299 1439 ad

155 1479 224 1541 A,
256 1478 319 1546 (¹¹)
341 1478 394 1528 id
420 1488 513 1540 est,
543 1488 600 1529 ut
627 1477 673 1529 B
698 1477 743 1529 C
769 1477 836 1528 ad
861 1476 1325 1528 clrcumferentiam
1351 1476 1530 1527 circuli
1550 1478 1694 1545 cujus
1715 1477 1891 1528 radius
1913 1487 1990 1528 est
2010 1479 2078 1529 A.
2136 1479 2297 1530 Tem-

152 1586 250 1636 pus
276 1577 463 1628 autem,
492 1585 595 1634 quo
619 1566 799 1633 pulsus
824 1576 1093 1634 percurret
1118 1566 1338 1634 spatium
1368 1565 1415 1617 B
1440 1565 1502 1627 C,
1531 1575 1607 1616 est
1632 1565 1699 1616 ad
1723 1576 1927 1634 tempus
1955 1585 2059 1635 quo
2083 1585 2296 1635 percur-

152 1665 234 1707 ret
277 1653 655 1724 longitudinem
697 1652 820 1704 huic
866 1653 1294 1705 circumferentiae
1338 1653 1606 1723 aequalem,
1656 1652 1717 1721 (¹¹)
1745 1653 1798 1703 in
1843 1652 2025 1704 efidem
2067 1656 2296 1718 ratione3

151 1745 372 1814 ideoque
415 1754 649 1811 tempore
686 1742 801 1793 talis
838 1742 1172 1794 oscillationis
1212 1742 1392 1812 pulsus
1442 1751 1710 1811 percurret
1759 1741 2140 1813 longitudinem
2174 1744 2297 1797 huic

153 1835 582 1887 circumferentiae
607 1834 874 1903 aequalem.
952 1834 1022 1895 Q.
1051 1852 1095 1885 e.
1124 1833 1174 1885 d.

231 1925 391 1975 Corol.
423 1930 469 1973 l.
526 1921 789 1974 Velocitas
824 1920 1071 1990 pulsuum
1097 1940 1158 1973 ea
1184 1930 1275 1984 θεῖ,
1323 1939 1480 1991 quam
1506 1920 1779 1990 acquirunt
1815 1921 1991 1991 gravia
2028 1922 2297 1992 aequaliter

153 2013 436 2065 accelerato
461 2023 607 2064 motu
644 2013 895 2076 cadendo,
942 2023 994 2065 et
1030 2031 1152 2064 casu
1189 2032 1284 2064 suo
1322 2013 1664 2065 describendo
1704 2014 1976 2065 dimidium
2014 2015 2296 2066 altitudinis

155 2104 222 2155 A.
299 2103 437 2154 Nam
462 2112 696 2170 tempore
723 2120 871 2153 casus
897 2102 1066 2172 hujus,
1107 2121 1223 2154 cum
1250 2103 1520 2155 velocitate
1547 2104 1782 2156 cadendo
1809 2105 2074 2174 acquisita,
2113 2107 2294 2175 pulsus

152 2201 421 2262 percurret
446 2192 668 2259 spatium
694 2190 749 2259 (¹)
779 2190 920 2260 quod
945 2192 1042 2243 erit
1066 2191 1266 2262 aequale
1290 2192 1386 2243 toti
1411 2192 1671 2244 altitudini
1699 2194 1778 2255 A;
1815 2193 2035 2264 ideoque
2063 2206 2296 2264 tempore

155 2279 486 2332 oscillationis
524 2280 677 2330 unius
703 2274 776 2330 ex¹>
797 2279 873 2331 itu
899 2288 950 2330 et
973 2279 1143 2331 reditu
1180 2281 1477 2349 compositae
1519 2292 1789 2349 percurret
1834 2283 2056 2350 spatium
2096 2286 2294 2354 aequale

154 2367 578 2420 circumferentiae
621 2366 799 2418 circuli
841 2366 988 2418 radio
1015 2367 1067 2419 A
1092 2367 1366 2436 descripti:
1409 2369 1486 2438 (¹¹¹)
1514 2380 1593 2420 est
1617 2370 1756 2420 enim
1792 2381 1998 2439 tempus
2040 2372 2187 2424 cassis
2225 2375 2293 2425 ad

153 2468 354 2527 tempus
379 2457 709 2512 oscillationis
734 2467 793 2513 ut
816 2458 991 2514 radius
1017 2459 1194 2515 circuli
1219 2459 1285 2514 ad
1312 2460 1542 2531 ejusdem
1568 2461 2047 2517 circumferentiam.

209 2639 660 2691 (⁶)*NamHKerat
685 2645 1036 2686 adEGutPo

1062 2649 1114 2685 ad
1149 2650 1193 2694 V,

154 2692 197 2729 in
214 2691 316 2730 dem.
344 2693 459 2743 Prop.
486 2695 677 2735 XLVII.
1062 2714 1064 2716 ’

1248 2646 1345 2686 tudo
1368 2648 1419 2695 A,
1441 2648 1540 2687 datis
1558 2650 1678 2688 medii
1697 2650 1886 2689 densitate
1905 2659 1943 2690 et
1962 2652 1998 2690 vi
2018 2652 2173 2692 clastica.
2187 2652 2287 2697 data,

1249 2709 1306 2738 est
1323 2709 1369 2738 ut
1387 2703 1554 2749 spatium
1578 2704 1613 2741 Β
1639 2705 1671 2743 C
1699 2705 1748 2741 ad
1775 2705 1904 2743 datam
1932 2708 2187 2754 peripheriam
2216 2709 2290 2745 cir-

2195 256 2290 300 291
2419 242 2422 250 ’

154 2773 156 2777 ψ
210 2746 267 2797 (Ε)
298 2749 320 2771 '¹‘
350 2750 438 2785 Sint
467 2750 651 2798 reciproce
680 2752 723 2789 in
754 2751 1018 2801 subduplicatd
1050 2755 1197 2792 ratione

155 2799 307 2902 gigig?-
365 2800 478 2838 Patet
495 2813 564 2849 per
585 2803 674 2841 Cor.
697 2808 735 2841 5.
761 2804 878 2853 Prop.
904 2805 1072 2843 XXIV.
1098 2806 1190 2845 Lib.

212 2904 263 2954 (f)
286 2907 307 2928 ²*
329 2906 458 2956 Atque
485 2906 564 2945 ide&
591 2911 641 2946 ad
668 2916 826 2958 tempus,
856 2912 926 2948 &c.
988 2911 1102 2949 Patet
1119 2925 1196 2961 per

158 2957 475 3005 compositionem
502 2960 694 2998 rationum
714 2969 752 2999 et
770 2976 816 3000 ex
846 2976 981 3014 aequo3
1013 2965 1104 3014 quia
1130 2968 1207 3016 (ex'

160 3009 444 3058 demonstratis)
474 3020 626 3062 tempus
651 3015 770 3051 unius
788 3016 1008 3054 vibrationis
1028 3018 1195 3065 particu-

158 3062 207 3099 lae
230 3063 265 3100 E
291 3064 333 3109 F,
356 3073 517 3115 urgente
535 3067 572 3102 vi
592 3068 770 3114 ponderis
787 3068 920 3117 ipsius,
955 3077 1011 3106 est
1029 3070 1078 3107 ad
1096 3080 1194 3108 tem-

160 3128 233 3163 pus
250 3116 496 3155 oscillationis
515 3120 673 3167 penduli
694 3120 804 3170 eujus
831 3122 1036 3173 longitudo
1054 3131 1111 3161 est
1142 3124 1193 3170 A,

159 3167 200 3204 in
215 3170 482 3217 subduplicatii
501 3173 647 3210 ratione
669 3173 703 3210 P
724 3174 760 3211 O
780 3175 830 3211 ad
851 3178 901 3212 A.

214 3221 271 3273 (ἔ)
295 3225 316 3245 *
339 3225 410 3261 Est
438 3227 489 3262 ad
517 3233 665 3275 tempus
685 3229 925 3266 osculationis
944 3230 1062 3267 unius
1081 3242 1124 3266 ez·
1139 3231 1197 3268 itu.

159 3281 195 3312 et
213 3276 337 3313 reditu
364 3279 580 3327 compositae,
609 3279 770 3328 penduli
788 3280 902 3331 cujus
920 3280 1124 3332 longitudo
1141 3290 1197 3320 est

216 3380 276 3431 (ὴ)
300 3383 320 3405 ²*
346 3383 393 3419 Id
406 3389 469 3427 est,
484 3390 528 3421 ut
543 3385 582 3421 B
600 3387 632 3423 (l
642 3388 692 3423 ad
706 3387 1052 3438 circumfirmtiam
1066 3390 1200 3427 circuli

161 3434 272 3482 cujus
289 3437 421 3472 radius
439 3442 492 3473 est
510 3438 562 3473 A.
622 3437 728 3474 Nam
757 3438 815 3489 (in
843 3439 1049 3477 demonstr.
1077 3440 1193 3489 Prop.

164 3486 377 3535 XLVII.)
397 3496 478 3525 erat
498 3488 536 3525 V
554 3489 683 3527 radius
700 3490 834 3528 circuli
855 3492 1200 3530 circumferentiam

162 3538 338 3576 habentis
364 3540 555 3589 aequalem
582 3541 784 3581 intervallo
805 3544 841 3581 B
865 3544 921 3591 C;
951 3544 1056 3582 unde
1074 3553 1132 3583 θεῖ
1163 3547 1200 3583 V

162 3590 212 3627 ad
235 3592 271 3628 A
292 3599 336 3628 ut
357 3592 393 3629 B
416 3593 447 3630 C
476 3593 524 3630 ad
552 3593 901 3634 circumferentiam
928 3597 1063 3635 circuli
1089 3599 1201 3650 cujus

162 3643 292 3681 radius
310 3653 367 3683 est
389 3646 440 3682 A.

218 3695 277 3745 (k)
308 3699 328 3720 ⁴⁸
360 3700 411 3736 In
440 3697 568 3736 effidem
600 3702 758 3739 ratione.
815 3702 1013 3746 Quoniam
1047 3710 1200 3752 tempus

162 3759 241 3797 quo
259 3749 393 3797 pulsus
410 3751 594 3799 percurrit
606 3753 772 3801 spatium
794 3754 830 3792 B
850 3755 894 3799 C,
914 3762 971 3792 est
984 3755 1032 3793 ad
1046 3763 1200 3805 tempus

164 3800 298 3839 datum
318 3803 562 3843 osciuationis
588 3805 747 3857 integrae
764 3806 925 3857 penduli
944 3809 1055 3860 cujus
1073 3809 1198 3860 longi·

1249 2753 1329 2792 culi
1348 2754 1456 2792 radio
1478 2759 1515 2793 A
1536 2756 1739 2805 descripti3
1761 2758 1893 2807 liquet,
1915 2759 2018 2809 quod
2031 2769 2191 2809 tempus
2210 2773 2290 2811 quo

1246 2807 1385 2856 pulsus
1403 2810 1590 2857 percurrit
1608 2804 1775 2859 spatium
1798 2812 1832 2848 B
1853 2812 1897 2856 C,
1920 2821 1987 2849 aut
2006 2813 2137 2850 eadem
2155 2814 2288 2851 celeri-

1249 2868 1326 2898 tate
1345 2871 1582 2909 percurreret
1600 2862 1728 2901 datam
1757 2865 2008 2911 peripheriam
2029 2866 2162 2903 circuli
2180 2867 2289 2903 radio

1252 2914 1291 2950 A
1328 2913 1516 2962 descripti,
1564 2915 1647 2954 fore
1683 2917 1737 2953 eis
1774 2918 1903 2965 spatiis
1948 2919 2281 2965 proportionalem.

1253 2967 1386 3010 Quare
1422 2975 1574 3015 tempus
1609 2982 1686 3019 quo
1723 2970 1863 3018 pulsus
1898 2971 2086 3019 percurrit
2121 2973 2288 3020 spatium

1253 3020 1288 3057 B
1313 3020 1358 3064 C,
1388 3027 1444 3057 cst
1462 3021 1511 3058 ad
1530 3030 1683 3070 tempus
1702 3022 1950 3060 oscillationis
1969 3025 2088 3061 unius
2106 3038 2152 3061 ex
2173 3026 2231 3063 itu
2249 3034 2287 3063 et

1248 3071 1374 3109 reditu
1393 3074 1613 3122 compositae
1631 3075 1790 3124 penduli
1811 3078 1921 3126 cujus
1940 3076 2145 3127 longitudo
2158 3086 2215 3116 est
2233 3079 2284 3121 A,

1248 3133 1294 3162 ut
1320 3135 1472 3174 ternpus
1500 3140 1578 3176 quo
1608 3128 1743 3176 pulsus
1772 3129 1958 3177 percurrit
1987 3130 2089 3167 idem
2118 3131 2287 3180 spatium

1253 3178 1289 3216 B
1321 3179 1365 3222 C,
1404 3177 1453 3215 ad
1486 3187 1638 3228 ternpus
1667 3194 1744 3230 quo
1781 3183 1968 3229 percurrit
2003 3183 2287 3233 longitudinem

1249 3231 1436 3280 aequalem
1456 3232 1773 3271 circumferentiae
1800 3235 1932 3272 circuli
1952 3236 2063 3285 cujus
2082 3237 2211 3275 radius
2230 3245 2287 3275 est

1253 3285 1319 3330 A;
1357 3282 1522 3335 ideoque
1553 3294 1724 3335 tempore
1755 3287 1839 3325 talis
1870 3288 2116 3327 osculationis
2151 3290 2287 3338 pulsus

1252 3348 1448 3385 percurret
1500 3337 1783 3390 longitudinem
1833 3341 1924 3379 huic
1967 3342 2286 3381 circumferentiae

1253 3389 1452 3439 aequalem.

1255 3494 1292 3533 L
1307 3442 1356 3493 (¹)
1371 3445 1536 3544 1⁴¹³)Quod
1563 3446 1633 3483 erit
1659 3448 1802 3496 aequale
1833 3449 1899 3486 toti
1926 3450 2119 3488 altitudini
2137 3451 2176 3488 A
2197 3450 2281 3501 (30.

1294 3495 1343 3533 ib.
1394 3521 1404 3531 .

1308 3546 1373 3599 (¹¹¹)
1397 3551 1417 3572 ⁴¹²
1440 3550 1512 3587 Est
1538 3552 1640 3590 enim
1667 3558 1814 3602 tempus
1839 3553 1960 3599 casas,
1989 3568 2057 3603 per
2084 3554 2286 3593 dimidiam

1253 3599 1496 3647 altitudinem
1521 3604 1554 3640 A
1576 3603 1625 3640 ad
1644 3611 1795 3652 tempus
1822 3608 2068 3644 oscillationis
2095 3608 2212 3645 unius
2238 3620 2286 3644 ex

1252 3653 1335 3690 solo
1362 3653 1431 3698 itu,
1461 3654 1521 3692 vel
1547 3655 1630 3693 solo
1655 3657 1780 3695 reditu
1799 3661 2018 3706 constantis,
2039 3668 2083 3698 ut
2101 3660 2287 3698 diameter

1253 3706 1386 3743 circuli
1412 3706 1461 3744 ad
1487 3708 1571 3759 ejus
1596 3709 1941 3748 circumferentiam
1963 3716 2073 3763 (470.
2098 3713 2184 3751 Lib.
2211 3713 2283 3763 1.),

1250 3757 1412 3808 ide6que
1430 3759 1479 3797 ad
1497 3769 1649 3809 tempus
1667 3762 1832 3811 duplum
1850 3765 2096 3802 oscillationis
2109 3766 2226 3803 unius
2239 3778 2287 3803 ex

1250 3811 1309 3849 itu
1327 3820 1365 3849 et
1383 3812 1507 3852 reditu
1527 3816 1756 3864 compositae,
1778 3824 1823 3859 ut
1840 3817 1969 3855 radius
1987 3818 2120 3857 circuli
2137 3818 2186 3857 ad
2205 3819 2289 3870 ejus

1187 3881 1268 3920 T2
