2502 4192
231 272 336 319 262

227 414 245 445 t
267 407 314 453 P,
335 415 352 445 t
370 421 407 456 p,
427 407 517 445 hinc
537 407 626 445 inde
647 409 820 450 trahitur,
848 414 1089 456 exponantur
1107 420 1175 455 per
1191 414 1276 444 tan-

228 469 363 510 gentes
393 462 476 498 illas
504 462 681 511 aequaleS,
715 470 752 498 et
781 461 943 510 singulae
971 460 1209 497 resolvantur
1235 460 1277 496 in

227 514 324 550 duas
351 515 444 552 alias
472 515 579 555 vires,
607 515 663 550 vis
690 514 845 563 quidem
875 523 890 550 t
912 514 947 550 P
975 513 1013 549 in
1042 514 1139 549 vires
1163 521 1179 550 t
1197 526 1217 550 z
1237 520 1276 550 et

227 580 247 603 z
271 568 317 610 P,
348 576 386 604 et
406 568 461 604 vis
480 576 495 605 t
515 581 540 616 p
569 569 607 603 in
637 568 733 603 vires
752 575 767 603 t
785 580 815 610 z,
846 580 913 604 seu
941 580 960 602 z
981 579 999 602 r
1026 575 1063 603 et
1090 579 1109 602 z
1125 579 1149 614 p
1178 567 1275 602 vires

226 632 246 656 z
270 621 315 664 P,
337 634 356 657 z
375 633 414 669 p,
434 620 599 670 aequales
617 628 653 657 et
672 620 856 667 oppositae
876 619 1029 656 nullum
1049 627 1200 656 motum
1229 619 1270 655 in

227 686 315 711 arcu
342 674 377 710 P
396 687 420 722 p
440 673 664 721 producent,
694 681 732 709 at
752 673 895 709 viribus
913 681 929 709 t
943 685 962 709 z
981 682 1020 709 et
1039 685 1058 708 z
1078 685 1107 717 r,
1138 672 1267 717 simul,

226 739 294 764 seu
315 727 352 764 vi
371 727 450 764 tota
469 737 483 763 t
502 739 532 772 r,
561 726 602 762 in
621 726 828 763 directione
846 733 862 762 t
880 738 911 771 r,
938 725 1016 762 sive
1039 726 1074 762 P
1097 725 1133 763 Ο
1157 738 1270 774 urge-

226 779 341 817 bitur.
404 779 492 816 Erit
515 780 633 828 igitur
652 778 707 814 vis
725 778 864 816 motrix
885 777 962 827 qua
981 778 1166 826 particula
1189 779 1224 816 P
1243 792 1268 826 p

224 832 265 869 in
285 832 493 872 directione
512 840 528 869 t
545 845 565 869 r
583 840 755 881 urgetur,
784 831 833 869 ad
858 831 914 868 fili
939 831 1151 869 tensionem
1171 832 1210 868 in
1234 832 1270 870 P

224 885 284 923 vel
304 898 329 935 p
347 898 414 935 per
440 897 558 936 quam
585 893 793 936 generatur
811 885 867 922 vis
884 884 952 923 illa
980 893 1023 923 ut
1043 892 1058 923 t
1075 897 1095 921 r
1112 885 1161 923 ad
1181 893 1197 923 t
1218 885 1263 923 P.

219 1834 296 1872 Sed
329 1834 392 1885 (ex
420 1830 560 1869 natura
586 1830 739 1880 circuli)
769 1831 939 1882 angulus
957 1839 974 1870 t
994 1831 1030 1870 P
1047 1844 1079 1878 r,
1110 1832 1269 1882 aequalis

215 1898 274 1927 est
298 1886 443 1937 angulo
466 1885 500 1922 P
523 1885 560 1922 O
581 1898 617 1933 p,
648 1896 738 1921 cum
767 1897 880 1922 arcus
902 1884 937 1921 P
955 1898 981 1933 p
1001 1885 1049 1922 sit
1067 1884 1269 1935 utriusque

215 1952 408 1984 mensura,
429 1945 467 1975 et
478 1937 678 1986 propterea
689 1937 931 1987 triangulum
943 1937 1102 1975 isoscele
1121 1938 1156 1975 P
1175 1939 1211 1975 Ο
1227 1951 1266 1986 p,

213 1994 337 2031 simile
365 1999 421 2029 est
448 1991 642 2041 triangulo
668 1990 817 2028 isosceli
835 1998 852 2028 t
873 1991 908 2028 P
927 2003 957 2028 r.
1023 1989 1157 2034 Quare
1188 1991 1222 2028 P
1240 2005 1266 2040 p

213 2054 270 2085 est
288 2047 337 2084 ad
359 2046 394 2083 P
415 2045 451 2082 Ο
473 2052 517 2081 ut
535 2052 552 2081 t
576 2056 594 2080 r
612 2043 660 2081 ad
679 2051 696 2080 t
718 2044 764 2090 P,
793 2045 865 2081 hoc
885 2051 956 2089 est,
985 2050 1031 2081 ut
1051 2044 1106 2081 vis
1126 2045 1265 2081 motrix

212 2099 290 2150 qua
308 2097 495 2148 particula
527 2098 559 2134 P
579 2111 603 2144 p
631 2097 672 2133 in
691 2096 900 2134 directione
920 2104 936 2133 t
956 2109 975 2132 r
993 2109 1064 2134 seu
1088 2097 1122 2134 P
1142 2098 1179 2134 Ο
1199 2110 1265 2134 ur-

211 2161 327 2204 getur
345 2151 394 2189 ad
415 2150 468 2187 fili
488 2150 702 2188 tensionem
722 2150 851 2187 datam
874 2150 925 2195 G,
955 2157 994 2186 et
1014 2148 1104 2187 ideo
1122 2149 1179 2186 vis
1198 2150 1266 2188 illa

354 2205 388 2242 P
415 2217 441 2252 p

210 2245 268 2276 eSt
286 2245 330 2275 Ut
351 2259 453 2308 -Ρ-ὀο

209 2324 359 2362 ratione
378 2324 435 2359 vis
452 2320 621 2359 motricis
646 2319 788 2358 directe
806 2327 844 2358 et
862 2320 1033 2358 materiae
1061 2320 1267 2358 movendae

209 2375 359 2414 inverse
381 2378 468 2426 (per
484 2375 573 2412 Def.
596 2379 631 2411 8.
654 2374 741 2411 Lib.
764 2373 816 2422 Ι.)
839 2382 877 2411 et
896 2374 1056 2411 materia
1073 2373 1269 2411 movenda

209 2430 260 2468 sit
278 2429 340 2467 hic
360 2437 405 2467 ut
427 2429 460 2466 P
479 2441 516 2477 p,
546 2429 595 2465 ob
622 2427 812 2477 aequalem
839 2426 982 2477 ubique
1003 2427 1109 2464 nervi
1129 2427 1268 2465 crassi-

517 2236 620 2273 Cum
650 2234 769 2286 igitur
797 2234 852 2271 vis
879 2234 1122 2272 acceleratrix
1144 2235 1192 2272 sit
1222 2236 1263 2273 in

209 2514 400 2560 tudinem,
431 2513 503 2551 erit
534 2512 589 2550 vis
616 2512 858 2551 acceleratrix
886 2519 932 2550 ut
967 2484 1073 2558 -L-v,
1103 2511 1144 2550 id

962 2545 1056 2583 ΡΟ

209 2608 279 2646 est,
299 2600 339 2637 in
359 2600 505 2638 ratione
524 2596 673 2637 inversa
697 2598 793 2637 radii
820 2598 954 2636 circuli
982 2610 1140 2636 curvam

207 2654 418 2691 osculantis
435 2654 476 2690 in
500 2653 545 2698 P,
573 2650 738 2702 ideoque
766 2652 806 2689 in
833 2652 980 2689 ratione
1004 2664 1140 2690 curva-

208 2715 307 2745 turae
324 2707 366 2744 in
388 2707 423 2746 P
444 2709 553 2759 (121.
579 2706 667 2744 Lib.
695 2704 767 2754 L).
832 2705 881 2750 Q.
906 2717 938 2742 e.
963 2704 1001 2742 d.

476 2866 863 2906 PROPOSITIO.

260 2978 351 3012 800.
396 2975 436 3013 Si
455 2976 591 3012 chorda
620 2976 767 3012 musica
786 2975 825 3012 A
847 2977 880 3013 C
893 2975 1137 3026 uniformiter

207 3039 333 3065 crassa
358 3034 393 3065 et
415 3030 583 3076 pondere
618 3029 651 3066 G
679 3036 796 3072 tensa,
830 3026 885 3066 ita
917 3029 1137 3078 inflectatur

207 3082 302 3118 dum
328 3089 489 3126 resonat,
518 3088 563 3119 ut
582 3080 663 3129 ejus
687 3083 868 3130 elongatio
896 3082 1059 3118 maxima
1088 3082 1135 3118 ab

207 3146 275 3170 axe
293 3132 415 3171 motas
435 3135 473 3171 A
496 3136 529 3173 C
542 3136 587 3172 sit
586 3133 678 3185 sere
697 3135 921 3173 insensibilis
939 3141 972 3172 et
993 3132 1071 3171 ideo
1082 3136 1136 3172 vis

207 3188 387 3224 tensionis
413 3201 492 3224 non
511 3194 683 3224 mutetur
704 3200 776 3235 per
802 3194 959 3225 auctam
985 3189 1136 3225 chordoe

207 3241 479 3288 longitudinem
506 3242 549 3277 in
576 3240 781 3290 majoribus
806 3241 883 3278 suis
902 3242 947 3277 ab
974 3253 1040 3277 arce
1059 3241 1134 3278 dis-

209 3294 340 3329 tantiis
358 3299 393 3329 et
413 3294 610 3330 inclinatio
629 3294 824 3330 radiorum
847 3300 1065 3331 curvatur-w
1084 3295 1136 3330 ad
1154 3305 1262 3331 axem

208 3346 349 3393 negligi
369 3347 498 3394 possit,
528 3359 570 3382 ea
591 3347 662 3383 erit
680 3354 827 3384 natura
847 3360 977 3384 curvae
994 3348 1032 3383 A
1058 3348 1089 3389 Q
1111 3349 1150 3384 P
1173 3349 1205 3385 C
1221 3346 1265 3382 in

209 3412 328 3448 quam
348 3400 484 3436 chorda
504 3400 708 3436 oscillando
727 3401 950 3450 inflectitur,
980 3401 1021 3437 in
1041 3401 1174 3449 quovis
1202 3412 1266 3435 ar-

209 3453 324 3489 ticulo
352 3449 476 3489 ‘monis
504 3451 670 3500 ejusdem
692 3455 840 3490 chordae
858 3460 902 3490 ut
923 3454 1048 3490 ductis
1061 3465 1132 3501 pro
1155 3453 1266 3490 libitu

212 3507 398 3543 ordinatis
416 3506 466 3542 ad
485 3517 591 3541 axem
610 3507 845 3543 normalibus
869 3508 899 3548 Q
920 3508 968 3549 R,
992 3507 1030 3543 P
1044 3508 1072 3543 S
1096 3507 1146 3543 sit
1173 3518 1266 3543 cur-

210 3565 351 3596 vatura
378 3560 421 3596 in
455 3560 498 3600 Q,
529 3560 579 3594 ad
599 3565 848 3596 curvaturam
867 3560 909 3595 in
931 3561 978 3603 P,
1008 3565 1053 3595 ut
1078 3560 1109 3600 Q
1138 3561 1186 3604 R,
1218 3559 1269 3594 ad

219 3613 251 3648 P
271 3615 305 3654 S,
328 3624 372 3648 ac
387 3618 534 3659 puncta
554 3611 682 3647 omnia
707 3613 748 3652 Q,
782 3614 818 3648 P
844 3614 959 3648 simul
975 3613 1025 3648 nd
1041 3624 1148 3649 axem
1173 3624 1268 3660 per-

211 3666 397 3702 venientia
415 3671 449 3701 et
464 3666 581 3702 simul
592 3665 789 3700 redeuntia
807 3666 1051 3701 oscillationes
1071 3677 1161 3702 suas
1183 3677 1267 3701 om-

211 3731 277 3755 nes
311 3719 437 3755 eodem
465 3725 627 3766 tempore
649 3723 837 3765 peragant
868 3720 918 3754 ad
953 3719 1077 3755 instar
1099 3717 1269 3766 penduli

213 3771 414 3808 oscillantis
432 3771 670 3820 inaeycloide.

269 3825 351 3861 Cas.
380 3827 413 3860 1.
460 3822 518 3861 Sit
535 3835 652 3861 curva
674 3821 711 3860 A
735 3821 777 3867 Q
798 3820 832 3859 P
854 3821 886 3860 C
907 3821 1059 3860 chordae
1077 3821 1260 3860 oscillan-

773 264 1340 318 PHILOSOPHIAE
1381 264 1834 321 NATURALIS
1923 270 2377 335 [Mouncom’on.

1331 406 1380 444 tis
1398 406 1578 444 distantia
1596 408 1766 446 maxima
1785 412 1832 448 ab
1850 424 1922 449 axe
1952 413 1989 450 A
2014 414 2040 453 S
2068 415 2220 462 punctis
2247 417 2374 455 omni-

1330 462 1403 496 bus
1426 459 1508 509 jam
1539 461 1832 509 quiescentibus,
1872 477 1992 515 eaque
2024 469 2072 504 sit
2100 469 2218 519 hujus
2245 483 2373 508 curvae

1328 521 1466 550 natura
1493 521 1538 550 ut
1564 522 1766 552 curvatura
1795 516 1837 552 in
1859 518 1899 560 Q
1916 519 1965 556 sit
1990 520 2038 557 ad
2066 530 2311 560 curvaturam
2329 524 2370 561 in

1330 567 1375 611 P,
1404 566 1446 602 in
1465 567 1614 611 ratione
1633 566 1822 605 distantiae
1846 571 1885 614 Q
1902 572 1940 608 R
1958 572 2008 609 ad
2026 573 2246 612 distantiam
2270 577 2303 613 Ρ
2326 577 2365 614 S.

1328 619 1420 656 Hoc
1438 619 1560 665 posito
1579 619 1650 656 erit
1667 622 1889 659 acceleratio
1913 626 1953 660 in
1987 623 2028 669 Q
2051 627 2099 664 ad
2128 627 2369 666 acceleratio-

1324 673 1473 709 nemin
1501 673 1592 710 Pin
1621 672 1756 710 eadem
1786 676 1934 713 ratione
1965 679 2006 722 Q
2027 680 2061 717 R
2090 680 2138 717 ad
2171 682 2204 718 P
2227 682 2253 719 S
2283 684 2370 733 (per

1326 725 1438 762 Lern.
1464 726 1639 774 superius
1659 727 1771 777 299.)
1793 728 1956 778 ideoque
1971 730 2082 769 initio
2101 733 2229 771 motus
2246 736 2368 783 spatia

1323 779 1435 817 simul
1456 791 1634 827 percursa
1657 780 1698 824 Q
1710 793 1743 830 q,
1769 782 1804 819 P
1819 795 1855 829 p,
1878 792 1989 821 erunt
2004 783 2044 821 in
2055 785 2189 824 eadem
2205 788 2365 834 ratione,

1322 842 1360 870 et
1378 831 1528 869 divisim
1549 834 1670 881 spatia
1689 835 1944 881 percurrenda
1962 850 1985 886 q
2010 838 2060 883 R,
2080 851 2106 886 p
2128 840 2166 885 S,
2195 849 2309 879 erunt
2327 842 2368 878 in

1322 884 1458 924 eadem
1477 886 1625 923 ratione
1649 887 1689 930 Q
1712 888 1749 925 R
1768 888 1817 925 ad
1841 889 1874 925 P
1892 888 1942 936 S;
1964 889 2069 929 unde
2088 891 2203 937 etiam
2222 895 2366 932 accele-

1374 939 1540 976 rationes
1568 952 1676 976 novae
1704 940 1743 977 in
1772 943 1926 989 punctis
1944 956 1968 992 q
1986 950 2024 980 et
2042 957 2079 991 p,
2109 954 2223 984 erunt
2240 947 2281 983 in
2300 946 2365 985 ea-

1374 991 1464 1028 dem
1493 992 1640 1030 ratione
1664 994 1705 1037 Q
1725 995 1764 1032 R
1791 994 1840 1032 ad
1872 995 1906 1032 P
1928 996 1954 1033 S
1975 997 2084 1046 (299,
2107 998 2219 1047 298.)
2253 1009 2367 1050 atque

1375 1052 1491 1082 erunt
1517 1045 1567 1082 ad
1594 1047 1887 1085 accelerationes
1905 1049 2048 1096 priores
2065 1050 2105 1086 in
2129 1051 2170 1095 Q
2186 1059 2225 1089 et
2247 1052 2291 1096 P,
2323 1062 2368 1092 ut

1375 1097 1566 1135 distantiae
1584 1113 1608 1149 q
1630 1101 1666 1137 R
1685 1108 1722 1137 et
1741 1114 1766 1149 p
1785 1101 1811 1138 S
1830 1100 1878 1138 ad
1893 1101 2088 1141 distantias
2111 1104 2152 1148 Q
2168 1105 2205 1142 R
2225 1114 2263 1143 et
2284 1105 2358 1144 PS

1377 1153 1488 1202 (999,
1514 1153 1636 1201 298.).
1699 1152 1809 1204 Ergo
1827 1155 1961 1203 puncti
1981 1156 2149 1206 cujusvis
2171 1157 2217 1203 P,
2247 1159 2307 1196 vel
2325 1161 2368 1196 in

1375 1202 1514 1241 eadem
1550 1206 1666 1243 curva
1707 1208 1744 1243 A
1783 1207 1824 1251 Q
1866 1207 1901 1245 P
1940 1208 1972 1246 C
2018 1209 2079 1246 vel
2123 1209 2164 1256 in
2209 1210 2368 1251 diversis

1379 1258 1417 1294 A
1452 1258 1494 1302 Q
1522 1258 1556 1295 P
1578 1259 1610 1295 C
1643 1266 1682 1296 et
1720 1260 1752 1296 A
1783 1273 1808 1310 q
1834 1272 1860 1308 p
1886 1273 1920 1304 c,
1958 1262 2114 1309 spectati
2144 1264 2367 1303 acceleratio

1375 1323 1526 1359 semper
1544 1318 1599 1349 est
1618 1319 1663 1350 ut
1682 1312 1854 1362 ejusdem
1882 1313 2063 1352 distantia
2079 1327 2123 1353 ac
2142 1329 2213 1354 axe
2239 1317 2368 1356 motus

1379 1364 1417 1401 A
1438 1364 1484 1402 C.
1533 1364 1664 1408 Quare
1685 1368 1770 1416 (per
1792 1366 1908 1414 Prop.
1927 1366 2003 1404 LI.
2023 1368 2111 1406 Lib.
2137 1369 2190 1417 1.)
2220 1379 2367 1418 puncta

1375 1417 1506 1454 omnia
1525 1418 1632 1455 nervi
1650 1418 1700 1456 ad
1717 1431 1828 1456 axem
1848 1419 1964 1457 simul
1984 1421 2223 1469 perveniunt,
2248 1423 2365 1462 simul

1375 1469 1539 1508 redeunt
1557 1478 1595 1508 et
1613 1472 1866 1510 oscillationes
1884 1473 2056 1523 singulas
2073 1484 2263 1526 peragunt
2276 1476 2367 1516 dato

1376 1530 1548 1572 tempore
1583 1524 1633 1562 ad
1660 1525 1778 1563 instar
1804 1526 1971 1575 corporis
1997 1526 2036 1563 in
2065 1527 2235 1577 cycloide
2254 1531 2365 1569 oscil-

1375 1576 1500 1614 lamis.
1563 1579 1615 1622 Q.
1640 1592 1673 1616 e.
1698 1578 1737 1616 d.
2127 1588 2134 1604 ³

1432 1634 1513 1669 Cas.
1539 1635 1575 1668 2.
1626 1632 1665 1669 Si
1694 1631 1835 1670 chorda
1864 1632 2009 1681 plectro
2040 1633 2158 1672 modo
2188 1648 2367 1684 percussa

1375 1683 1551 1720 nondum
1588 1684 1758 1722 induerit
1793 1685 1957 1723 formam
1998 1698 2125 1724 curvae
2162 1688 2202 1724 in
2240 1689 2366 1737 primo

1375 1748 1465 1773 casu
1485 1736 1697 1786 descriptoe‚
1729 1738 1800 1775 erit
1826 1749 2029 1776 curvatura
2047 1739 2088 1776 in
2111 1740 2146 1777 P
2163 1741 2211 1779 ad
2231 1755 2365 1780 curva-

1374 1795 1502 1826 turam
1522 1789 1563 1826 in
1586 1791 1626 1835 Q
1644 1792 1684 1827 in
1703 1791 1838 1842 majori
1856 1792 1915 1829 vel
1930 1792 2070 1829 minori
2088 1793 2233 1831 ratione
2247 1794 2366 1845 quam

1323 1839 1514 1880 distantiae
1536 1842 1571 1880 P
1594 1844 1620 1882 S
1638 1843 1688 1881 ad
1706 1844 1923 1882 distantiam
1956 1845 1998 1888 Q
2018 1846 2070 1883 R.
2130 1846 2187 1884 Sit
2212 1848 2252 1884 in
2282 1861 2365 1887 ma-

1317 1893 1393 1943 jori
1411 1896 1569 1940 ratione,
1590 1906 1629 1934 et
1646 1897 1718 1934 erit
1736 1897 1915 1935 velocitas
1933 1898 1974 1934 in
1992 1897 2039 1944 P,
2059 1898 2106 1936 ad
2127 1893 2365 1939 'velocitatem

1321 1948 1362 1984 in
1387 1949 1438 1992 Q,
1470 1948 1510 1985 in
1543 1951 1691 1987 ratione
1722 1950 1869 2001 majore
1900 1963 2017 2000 quam
2054 1951 2089 1989 P
2110 1952 2137 1990 S
2168 1953 2215 1990 ad
2251 1954 2293 1998 Q
2312 1956 2363 1999 R,

1323 2001 1438 2052 (299)
1460 2010 1499 2039 et
1517 2003 1682 2050 spatium
1707 2003 1741 2040 P
1759 2017 1784 2057 p
1812 2011 1984 2052 tempore
2010 2004 2172 2043 minimo
2199 2006 2366 2056 descrip-

1322 2062 1407 2092 tum
1428 2055 1477 2092 ad
1496 2057 1661 2104 spatium
1686 2057 1727 2100 Q
1739 2069 1775 2106 q,
1797 2056 1931 2094 eodem
1948 2064 2119 2107 tempore
2133 2058 2367 2107 descriptum

1319 2108 1360 2144 in
1388 2108 1536 2145 ratione
1562 2110 1706 2159 majore
1724 2123 1840 2159 quam
1864 2110 1899 2147 P
1920 2111 1946 2147 S
1974 2109 2023 2147 ad
2055 2111 2095 2155 Q
2118 2113 2168 2157 R,
2201 2111 2367 2163 ideoque

1320 2160 1470 2198 divisim
1484 2161 1586 2210 eritp
1600 2163 1626 2200 S
1637 2163 1765 2199 minor
1779 2171 1953 2211 respectu
1972 2163 2007 2200 P
2021 2164 2060 2210 S,
2074 2163 2189 2215 quam
2203 2178 2226 2215 q
2243 2167 2293 2212 R,
2307 2179 2367 2205 re-

1320 2223 1453 2262 spectu
1478 2216 1519 2258 Q
1533 2216 1594 2261 R;
1616 2224 1653 2253 et
1672 2216 1764 2265 quia
1781 2224 1984 2255 curvatura
2002 2230 2090 2255 cum
2111 2217 2300 2257 distantiis
2318 2221 2367 2259 ab

1320 2280 1392 2304 axe
1406 2268 1598 2305 minuitur
1612 2282 1656 2306 ac
1676 2269 1916 2307 coincidente
1934 2270 2050 2307 curva
2070 2283 2158 2308 cum
2173 2284 2244 2309 axe
2259 2272 2369 2311 nulla

1322 2320 1460 2366 evadit,
1489 2321 1561 2358 erit
1579 2322 1694 2361 etiam
1715 2331 1921 2360 curvatura
1939 2323 1979 2359 in
1995 2336 2032 2372 p,
2049 2323 2177 2360 minor
2191 2333 2369 2373 respectu

1322 2381 1537 2411 curvaturae
1564 2374 1605 2410 in
1638 2376 1682 2420 P,
1712 2388 1829 2425 quam
1849 2384 2052 2413 curvatura
2069 2376 2109 2412 in
2129 2390 2165 2427 q,
2195 2385 2370 2426 respectu

1322 2434 1537 2464 curvaturae
1556 2427 1596 2464 in
1622 2428 1672 2473 Q,
1703 2436 1742 2466 et
1759 2428 1851 2467 indc
1871 2429 1989 2480 (299)
2010 2429 2233 2469 acceleratio
2261 2431 2302 2468 in
2328 2444 2368 2480 p,

1318 3290 1450 3328 minor
1468 3296 1642 3339 respectu
1662 3288 1944 3328 accelerationis
1963 3289 2001 3328 in
2021 3290 2068 3338 P,
2087 3303 2203 3342 quam
2222 3290 2368 3329 accele-

1320 3345 1419 3381 ratio
1439 3343 1481 3380 in
1500 3356 1536 3393 q,
1558 3351 1734 3391 respectu
1753 3343 2036 3381 accelerationis
2054 3345 2095 3381 in
2119 3345 2172 3389 Q.
2206 3344 2370 3396 Majoris

1322 3398 1444 3446 igitur
1481 3396 1692 3434 velocitatis
1728 3396 2001 3434 acceleratione
2039 3410 2188 3447 semper
2219 3397 2369 3435 decres-

1321 3458 1430 3487 cente
1450 3457 1489 3487 et
1507 3449 1667 3486 minoris
1681 3449 1891 3487 velocitatis
1904 3450 2176 3488 acceleratione
2195 3463 2217 3488 e
2235 3448 2368 3488 contra

1322 3515 1475 3551 semper
1494 3510 1699 3547 crescente,
1728 3512 1904 3551 respectu
1923 3502 2194 3541 distantiarum
2221 3505 2270 3541 ab
2296 3516 2368 3541 axe

1328 3558 1362 3593 A
1391 3557 1437 3601 C,
1467 3563 1596 3592 motus
1614 3556 1713 3592 iuter
1732 3568 1772 3592 se
1790 3555 1947 3593 tandem
1967 3554 2021 3593 ita
2039 3557 2369 3605 temperabuntur,

1323 3616 1368 3645 ut
1398 3608 1553 3656 punctis
1585 3609 1618 3645 P
1638 3617 1676 3645 et
1700 3609 1739 3652 Q
1765 3609 2073 3657 pervenientibus
2091 3610 2130 3645 in
2150 3609 2234 3646 loca
2260 3623 2367 3659 quae-

1323 3662 1414 3700 dam
1435 3674 1473 3698 m
1494 3669 1533 3698 et
1552 3673 1589 3707 n,
1610 3669 1695 3698 tum
1715 3662 1945 3706 velocitates,
1974 3669 2058 3699 tum
2078 3662 2369 3700 accelerationes

1325 3716 1468 3752 futurae
1488 3713 1567 3751 sint
1592 3713 1783 3752 distantiis
1808 3727 1848 3751 m
1871 3715 1908 3759 S,
1937 3728 1963 3751 n
1988 3715 2025 3752 R
2052 3716 2365 3763 proportionaleS,

1323 3764 1489 3816 ideoque
1516 3766 1633 3804 curva
1663 3768 1701 3804 A
1721 3780 1747 3804 n
1766 3779 1808 3804 m
1832 3767 1876 3812 C,
1903 3768 1986 3817 jam
2015 3768 2200 3805 existente
2232 3768 2367 3806 eadem

1326 3830 1445 3871 quam
1478 3819 1746 3869 descripsimus
1774 3821 1815 3858 in
1848 3820 1950 3860 Casu
1984 3824 2034 3867 1.,
2068 3830 2197 3860 motus
2227 3821 2366 3859 dehinc
