2502 4192
264 294 327 340 16
793 283 1358 340 PHILOSOPHIAE
1399 282 1850 336 NATURALIS
1948 284 2129 350 [Mor.
2145 284 2395 336 Conpon.

257 439 342 484 tur
365 432 649 504 hyperbole.
684 421 861 483 secans
886 449 1005 499 per-

257 522 531 590 pendicula
559 523 613 574 D
643 522 708 584 E,
736 520 772 571 d
798 539 826 572 e
851 520 906 571 in
934 520 1003 581 G,

257 630 322 682 gg
365 623 416 663 et
459 630 645 679 corpus
681 609 1007 662 ascendendo

255 711 491 770 tempore
523 703 579 753 D
607 701 661 754 G
685 720 722 771 g
746 699 781 750 d
818 699 1007 750 descri-

253 790 344 844 bet
371 792 594 858 spatium
623 789 671 840 E
693 789 747 842 G
761 808 797 859 g
813 807 856 853 e,
879 799 1008 840 tem-

254 898 383 949 pore
424 881 479 933 D
520 880 574 932 G
614 879 661 931 Β
690 879 741 930 A
784 877 1009 946 spatium

256 987 497 1021 ascensus
541 969 699 1020 totius
752 969 799 1020 E
838 967 893 1019 G
931 968 1007 1028 133

256 1068 492 1127 tempore
522 1059 569 1112 A
593 1059 638 1110 Β
660 1057 709 1108 K
733 1059 759 1110 I
787 1058 1009 1126 spatium

256 1147 533 1199 descensus
579 1147 625 1199 B
659 1147 703 1198 F
743 1145 813 1209 K,
854 1156 1010 1215 atque
1083 1135 1090 1140 ’

192 1241 196 1244 ’
255 1245 516 1305 tempore,
534 1237 560 1287 I
590 1236 639 1287 K
668 1236 705 1287 k
729 1236 747 1286 i
786 1236 1008 1304 spatium
1090 1257 1141 1300 D
1275 1261 1320 1310 d
1553 1259 1614 1305 Α
1847 1258 1880 1300 1
2049 1256 2075 1302 1·

256 1325 529 1397 descensus
559 1325 612 1377 K
641 1327 685 1378 F
710 1325 740 1376 f
753 1327 817 1390 k;
845 1336 896 1378 et
920 1345 1008 1377 ve-

253 1416 487 1468 locitates
514 1416 746 1485 corporis
792 1417 1118 1485 (resistentiae
1141 1418 1298 1470 medii
1335 1418 1772 1487 proportionales)
1812 1418 1864 1468 in
1891 1418 2079 1468 horum
2106 1426 2402 1483 temporum

252 1506 480 1575 periodis
505 1515 658 1558 erunt
684 1506 734 1557 A
762 1506 809 1559 Β
837 1507 885 1559 Ε
914 1509 983 1569 D,
1013 1510 1065 1561 A
1094 1511 1140 1561 Β
1167 1529 1195 1561 e
1220 1509 1271 1573 d,
1312 1509 1471 1573 nulla,
1513 1510 1564 1561 A
1592 1509 1639 1561 Β
1668 1510 1713 1561 F
1738 1510 1783 1572 I,
1825 1510 1874 1560 A
1904 1509 1950 1561 Β
1976 1508 2004 1559 f
2020 1509 2037 1558 i
2083 1506 2401 1577 respective;

252 1607 407 1667 atque
433 1597 661 1649 maxima
688 1597 945 1662 velocitaS,
987 1618 1143 1669 quarn
1170 1618 1357 1668 corpus
1383 1599 1750 1652 descendendo
1774 1609 1945 1668 potest
1970 1601 2256 1670 acquirere,
2301 1598 2401 1650 erit

260 1693 307 1746 B
334 1694 386 1746 A
414 1692 459 1745 C
489 1693 565 1745 H.

327 1781 392 1852 (¹²)
437 1783 745 1835 Resolvatur
789 1784 927 1834 enim
971 1784 1327 1854 rectangulum
1375 1784 1422 1836 B
1450 1784 1501 1835 A
1530 1783 1575 1835 C
1603 1781 1665 1835 H
1707 1783 1762 1834 in
1799 1781 2101 1852 rectangula
2126 1781 2401 1832 innumera

255 1872 305 1923 A
330 1872 383 1935 k,
416 1871 468 1923 K
493 1871 528 1934 l,
558 1872 607 1923 L
631 1890 702 1933 m,
733 1870 798 1922 M
823 1890 875 1935 n,
916 1874 1010 1924 Sco.
1050 1891 1166 1941 quae
1193 1874 1295 1924 sint
1321 1882 1379 1924 ut
1402 1872 1721 1923 incrementa
1744 1871 2075 1924 velocitatum
2112 1868 2398 1939 aequalibus

252 1960 469 2012 totidem
495 1960 821 2033 temporibus
847 1960 980 2012 facta
995 1981 1009 2023 3
1049 1971 1100 2013 et
1125 1972 1276 2013 erunt
1300 1960 1446 2024 nihil,
1477 1962 1527 2013 A
1551 1962 1605 2025 k,
1635 1962 1687 2013 A
1710 1961 1746 2024 l,
1777 1961 1825 2012 A
1852 1980 1924 2025 m,
1956 1961 2005 2013 A
2031 1980 2083 2023 n,
2113 1962 2206 2013 Sco.
2234 1968 2293 2011 ut
2316 1976 2403 2010 ve-

258 2051 492 2106 locitates
518 2060 659 2114 totae,
705 2060 858 2119 atque
884 2051 1002 2103 ideo
1037 2056 1153 2120 (per
1176 2052 1511 2123 hypothesin)
1551 2062 1609 2104 ut
1633 2053 1936 2105 resistentiae
1961 2052 2120 2104 medii
2144 2049 2403 2120 principio

253 2141 576 2212 singulorum
603 2151 898 2209 temporum
925 2142 1218 2212 aequalium.
1285 2142 1338 2211 (¹)
1368 2143 1486 2194 Fiat
1512 2143 1563 2195 A
1592 2143 1638 2195 C
1664 2143 1731 2194 ad
1758 2144 1810 2195 A
1838 2143 1892 2196 K
1916 2143 1999 2195 vel
2026 2144 2078 2195 A
2105 2143 2153 2195 Β
2180 2141 2242 2195 Η
2266 2141 2311 2192 C
2337 2139 2406 2191 ad

255 2231 306 2282 A
335 2231 381 2283 B
406 2231 443 2281 k
472 2230 524 2281 K
550 2239 608 2283 ut
633 2230 707 2281 vis
734 2231 998 2301 gravitatis
1024 2232 1092 2283 ad
1118 2232 1463 2284 resistentiam
1499 2233 1555 2283 in
1591 2233 1850 2302 principio
1885 2233 2135 2302 temporis
2174 2231 2402 2293 secundi,

254 2319 422 2389 deque
466 2319 515 2371 vi
557 2319 822 2390 gravitatis
867 2321 1223 2392 subducantur
1265 2321 1587 2386 resistentiae,
1634 2331 1686 2374 et
1727 2324 2015 2375 manebunt
2065 2323 2118 2375 A
2157 2323 2204 2374 B
2247 2322 2307 2373 H
2338 2322 2401 2383 C,

259 2411 312 2462 K
337 2411 374 2461 k
402 2411 463 2462 H
493 2411 554 2474 C,
585 2411 633 2464 L
658 2411 678 2461 l
706 2410 767 2462 Η
796 2411 859 2475 C,
890 2412 954 2463 M
979 2431 1033 2462 m
1061 2412 1122 2464 H
1151 2411 1213 2476 C,
1254 2414 1349 2465 &a
1388 2423 1448 2465 ut
1482 2412 1617 2464 vires
1643 2413 1896 2465 absolutae
1921 2413 2108 2484 quibus
2135 2430 2323 2480 corpus
2348 2412 2403 2462 in

253 2501 509 2570 principio
548 2501 870 2571 singulorum
896 2510 1191 2570 temporum
1224 2511 1456 2573 urgetur,
1497 2511 1654 2571 atque
1692 2502 1812 2554 ideo
1847 2506 1962 2571 (per
1991 2500 2174 2553 Motfis
2203 2501 2402 2571 Legem

257 2592 355 2658 II.)
393 2602 451 2644 ut
475 2592 795 2643 incrementa
819 2592 1165 2655 velocitatum,
1194 2592 1249 2643 id
1275 2602 1368 2655 est,
1396 2602 1455 2644 ut
1480 2591 1782 2663 rectangula
1809 2592 1854 2642 A
1874 2592 1927 2655 k,
1959 2591 2012 2643 K
2037 2591 2073 2654 l,
2102 2591 2237 2653 Lm,
2262 2590 2328 2641 M
2347 2608 2399 2652 n,

255 2684 349 2734 &a
391 2691 441 2734 et
478 2681 539 2753 (¹¹)
567 2692 843 2752 propterea
885 2687 999 2753 (per
1026 2683 1173 2735 Lem.
1204 2683 1247 2735 I.
1278 2683 1397 2735 Lib.
1426 2683 1524 2749 ΙΙ.)
1570 2683 1625 2734 in
1663 2682 2028 2754 progressione
2068 2678 2400 2753 geometrica,

259 2772 438 2833 Quare
465 2772 507 2823 si
533 2782 689 2824 rectae
718 2772 771 2824 K
795 2772 849 2835 k,
879 2772 928 2824 L
951 2772 987 2836 l,
1018 2772 1084 2824 M
1108 2791 1178 2835 m,
1209 2772 1264 2824 N
1287 2791 1340 2835 n,
1369 2774 1463 2824 διο.
1490 2772 1761 2841 productae
1788 2781 2064 2824 occurrant
2099 2770 2402 2840 hyperbolae

253 2860 384 2929 inq,
413 2879 454 2924 r,
485 2870 590 2925 S,t,
620 2862 895 2913 &c.erunt
932 2879 1068 2912 areae
1108 2860 1393 2930 ABqK,
1426 2858 2260 2930 quL,LrsM,MstN,
2301 2860 2397 2912 &a

257 2949 310 3018 (¹)
340 2950 581 3019 aequales,
620 2949 842 3019 ideoque
868 2959 978 3001 tum
1004 2950 1325 3018 temporibus
1350 2959 1461 3002 tum
1487 2950 1681 3001 viribus
1706 2950 1971 3021 gravitatis
1998 2967 2203 3018 semper
2227 2966 2400 3018 aequa-

253 3045 388 3096 libus
435 3045 683 3116 analogae.
760 3046 838 3113 (m)
879 3044 977 3096 Est
1001 3054 1173 3096 autem
1207 3063 1327 3096 area
1368 3045 1419 3097 A
1448 3045 1494 3097 Β
1522 3063 1557 3115 q
1584 3044 1636 3096 K
1666 3047 1780 3114 (per
1807 3043 1984 3096 Corol.
2013 3052 2063 3096 3.
2091 3042 2239 3094 Lem.
2270 3040 2396 3092 VII.

310 3203 369 3255 (ὴ)
407 3206 428 3227 ⁵*
471 3206 693 3245 Resolvatur
723 3204 837 3247 enim,
877 3203 946 3241 &c.
1009 3202 1302 3242 Demonstratio
1354 3202 1546 3252 deinceps.
1608 3202 1808 3248 Quoniam
1834 3200 1926 3240 vero
1951 3200 2117 3252 gravitas
2142 3206 2294 3238 motum
2314 3211 2399 3238 cor-

252 3269 342 3307 quae
361 3257 534 3305 sequitur
553 3265 609 3294 est
628 3269 697 3304 pro
716 3255 885 3305 corporis
902 3255 1103 3294 descensu.
1354 3257 1457 3305 poris
1486 3255 1657 3294 cadentis
1687 3255 1872 3294 accelerat
1898 3267 2015 3306 quem
2041 3253 2253 3291 resistentia
2278 3260 2397 3291 retar-

309 3309 359 3360 (1)
392 3313 412 3334 *
445 3312 539 3348 Fiat
559 3311 596 3346 A
619 3313 651 3348 C
665 3312 715 3347 ad
735 3311 773 3346 A
793 3312 843 3355 K,
865 3309 934 3346 &c-
989 3308 1093 3347 Chm
1120 3308 1225 3346 enim
1253 3309 1303 3348 sit
1355 3310 1433 3355 dat,
1462 3309 1511 3347 de
1529 3309 1565 3350 vi
1584 3308 1779 3359 gravitatis
1797 3307 2008 3346 auferenda
2026 3314 2082 3346 est
2099 3306 2156 3344 vis
2172 3305 2396 3344 resistentiae

257 3363 295 3400 A
320 3362 362 3403 K
380 3362 409 3399 k
440 3363 488 3408 B,
526 3362 820 3410 proportionalis
852 3361 1075 3402 resistentiae
1107 3361 1298 3416 principio
1351 3370 1397 3400 ut
1415 3364 1600 3400 habeatur
1618 3361 1675 3399 vis
1693 3358 1866 3399 absoluta
1882 3360 1960 3412 qua
1978 3373 2117 3410 corpus
2130 3359 2311 3398 deorsum
2329 3371 2395 3396 ur-

253 3415 436 3465 temporis
454 3415 626 3458 secundi,
648 3415 678 3454 si
694 3414 761 3452 fiat
784 3416 820 3453 A
849 3415 891 3452 K
910 3415 938 3452 k
960 3415 995 3452 B
1015 3414 1064 3452 ad
1087 3416 1124 3454 A
1144 3415 1180 3452 B
1204 3415 1247 3452 H
1265 3416 1297 3453 C
1351 3423 1476 3466 getur.

254 3482 322 3506 seu
346 3469 382 3506 A
405 3468 447 3506 K
466 3467 515 3506 ad
538 3468 575 3505 A
600 3468 645 3513 C,
675 3475 721 3506 ut
746 3468 960 3506 resistentia
977 3466 1046 3505 illa
1063 3467 1114 3505 ad
1132 3468 1296 3518 gravita-
1404 3467 1464 3520 (¹²)
1495 3471 1517 3493 ³*
1551 3469 1603 3506 Et
1609 3466 1819 3517 proptereci.
1881 3465 2128 3516 Rectangula
2157 3464 2195 3502 A
2218 3464 2255 3503 B
2277 3464 2323 3501 H
2346 3464 2392 3510 C,

254 3529 344 3566 tem,
378 3521 649 3570 rectangulum
681 3521 719 3558 A
742 3521 785 3558 H
820 3528 988 3569 exponet
1006 3521 1083 3557 vim
1103 3521 1298 3571 gravitatis
1355 3521 1396 3559 K
1416 3521 1444 3558 k
1466 3521 1510 3559 H
1532 3521 1578 3565 C,
1602 3520 1638 3558 L
1657 3520 1672 3557 l
1695 3520 1737 3558 H
1762 3520 1808 3566 C,
1839 3519 1908 3557 &c.
1942 3517 2165 3557 differentiis
2191 3516 2271 3555 suis
2293 3518 2330 3554 A
2350 3517 2377 3554 k

255 3574 408 3621 datam;
430 3581 468 3611 et
486 3573 603 3614 simili
621 3573 751 3619 modo,
772 3585 861 3610 cum
882 3574 931 3610 sit
949 3574 987 3610 A
1007 3573 1034 3619 Ι,
1054 3573 1105 3611 ad
1127 3574 1165 3611 A
1184 3573 1224 3619 k,
1256 3580 1299 3611 ut
1357 3574 1398 3612 K
1417 3574 1444 3620 1,
1464 3574 1552 3617 &c.,
1582 3573 1893 3621 proportionalia,
1926 3578 2040 3610 erunt
2070 3571 2111 3607 in
2130 3571 2392 3621 progressione

252 3627 466 3666 resistentia
494 3625 603 3663 initio
627 3626 811 3675 temporis
829 3627 931 3663 tertii
959 3626 1009 3664 ad
1039 3626 1294 3664 resistentiam
1348 3626 1582 3678 geometrica
1604 3628 1691 3677 (per
1711 3626 1821 3664 Lem.
1848 3626 1882 3663 Ι.
1904 3625 1991 3664 Lib.
2012 3622 2095 3673 ΙΙ.)

253 3679 365 3718 initio
384 3679 564 3729 temporis
583 3679 752 3724 secundi,
774 3679 857 3724 erit,
879 3691 925 3716 ex
946 3692 1058 3729 aequo
1076 3678 1296 3728 perturbate
1403 3680 1452 3732 (¹)
1483 3682 1504 3705 ¹*
1536 3681 1732 3730 AEquales.
1768 3678 1883 3730 (380)
1909 3677 1997 3716 Lib.
2024 3677 2058 3714 1.

258 3732 296 3768 A
316 3732 329 3768 l
348 3733 398 3771 ad
420 3737 458 3771 A
483 3733 538 3778 H,
560 3745 628 3770 seu
653 3734 688 3770 A
712 3732 748 3770 L
766 3731 816 3769 ad
835 3732 873 3769 A
897 3733 943 3778 C,
963 3740 1009 3770 ut
1026 3732 1240 3771 resistentia
1254 3733 1296 3769 in
1403 3732 1473 3785 (ω)
1502 3735 1577 3772 Est
1594 3740 1722 3771 autem
1749 3745 1839 3769 area
1867 3733 1906 3769 A
1925 3734 1963 3769 B
1982 3745 2005 3781 q
2033 3730 2078 3767 K
2105 3728 2192 3778 (per
2213 3730 2327 3768 Corol.
2349 3731 2375 3765 5

253 3785 441 3836 principio
469 3785 653 3855 temporis
684 3784 786 3823 tertii
824 3784 873 3822 ad
900 3784 1139 3836 gravitatem,
1179 3792 1218 3823 et
1243 3784 1297 3823 ita
1350 3788 1461 3825 Lem.
1506 3788 1599 3826 VII.
1631 3793 1666 3825 et
1697 3786 1808 3825 Lem.
1847 3785 1964 3824 VIII.
1990 3784 2073 3823 Lib.
2097 3784 2130 3820 I.
2131 3787 2155 3833 J
2182 3785 2234 3821 ad
2260 3794 2387 3819 aream
