2502 4192
102 257 305 309 *LIBER
336 258 606 321 Secum]
662 256 1063 309 PRINCIPIA
1103 256 1719 310 MATHEMATICA.

112 406 261 437 rectum
293 400 334 435 in
366 412 397 441 r,
429 406 468 437 et
498 399 540 436 in
574 400 623 445 A,
657 407 762 448 patet
794 400 988 450 triangula
1013 413 1040 437 n
1059 412 1078 436 r
1097 389 1153 445 N,

111 466 141 503 g
157 454 195 489 A
215 453 264 495 R,
287 452 426 489 similia
443 465 534 498 esse,
556 461 594 492 et
613 452 812 502 propterea
831 468 857 501 g
876 455 914 491 R
935 454 1155 502 parallelam

111 517 140 542 n
162 506 213 551 N,
234 518 301 541 seu
321 506 491 556 tangenti
512 519 579 554 per
602 507 639 544 N
655 507 793 544 ductae.
827 506 936 544 Hinc
950 520 1042 544 cum
1060 508 1097 544 A
1117 507 1153 543 E

110 571 160 608 sit
179 570 335 621 aequalis
354 584 377 608 a
393 573 444 621 μ
472 559 573 621 ‹13:-
590 587 609 609 z
626 573 727 610 ubiz
742 590 798 609 =
816 585 840 609 o
856 573 971 625 (103)
988 572 1060 610 erit
1073 586 1100 622 g
1118 573 1154 610 E

110 624 286 674 tangenti
305 636 372 672 per
393 625 429 661 L
448 624 576 663 ductae
595 627 787 675 parallela,
809 627 932 676 sitque
954 627 991 663 A
1012 639 1039 676 g
1057 642 1113 662 =
1133 639 1157 663 a

443 679 461 699 2

109 716 210 760 estg
231 709 303 746 E²
323 724 381 745 =
401 690 460 781 {3-
483 711 536 762 -1—
558 725 581 749 a
600 714 695 748 ²=
715 678 814 782 4—5‘23
833 709 946 762 atque
965 709 1153 761 adedgE

106 811 211 844 =2
238 795 630 857 ειν ὲ--2ΑΕ
660 806 1152 858 erithadAEute,

108 860 157 898 ad
181 864 213 906 1,
236 868 274 898 et
292 859 346 897 ita
365 861 471 898 sinus
489 868 593 898 totus
606 861 654 898 ad
674 861 803 897 sinum
830 860 965 910 anguli
987 859 1025 896 A
1045 873 1073 910 g
1094 860 1147 903 E,

108 912 187 950 sive
207 913 256 951 ad
275 914 403 950 sinum
422 913 555 964 anguli
575 926 691 963 quem
709 926 825 951 curva
843 912 1041 951 constituit
1058 925 1151 950 cum

109 965 272 1004 minima
291 965 467 1004 ordinata
490 968 528 1004 A
549 967 598 1012 L,
618 966 684 1016 qui
703 965 863 1014 proinde
881 974 936 1004 est
949 965 1038 1004 500.

160 1023 250 1057 208.
315 1021 510 1064 Quoniam
546 1021 582 1056 A
606 1020 656 1065 R,
689 1019 729 1055 in
757 1019 953 1056 infinitum
983 1031 1149 1056 crescere

106 1085 153 1110 ac
173 1072 388 1110 decrescere
406 1079 530 1121 potest
542 1071 575 1109 si
595 1071 768 1120 capiatur
786 1084 936 1120 semper
955 1070 992 1109 B
1020 1072 1059 1109 R
1079 1078 1129 1115 >

107 1126 144 1163 B
167 1125 217 1171 Ε,
238 1125 473 1163 describetur
491 1138 616 1162 curvae
635 1138 765 1163 ramus
785 1126 821 1163 L
843 1126 884 1163 N
901 1125 955 1170 D,
971 1124 1037 1174 qui
1055 1137 1148 1162 con-

103 1175 304 1215 cavitatem
334 1179 395 1216 axi
430 1180 465 1216 B
489 1179 519 1216 C
552 1178 726 1224 obvertit,
760 1186 799 1216 et
817 1180 864 1216 ab
883 1186 1047 1228 utroque
1074 1190 1146 1215 axe

106 1232 144 1268 A
169 1232 213 1273 C,
240 1232 277 1269 A
297 1245 337 1281 g,
368 1232 407 1268 in
426 1231 624 1269 infinitum
655 1232 821 1278 recedit;
864 1240 903 1269 at
935 1231 965 1268 si
997 1244 1146 1279 semper

102 1292 278 1322 sumatur
311 1286 342 1321 B
368 1286 407 1322 R
429 1297 475 1328 <
501 1286 536 1322 B
559 1286 608 1327 E.
639 1284 872 1322 describetur
899 1284 992 1322 alter
1019 1297 1147 1321 curvae

101 1350 233 1374 ramus
253 1338 288 1374 L
313 1339 362 1383 O,
384 1339 449 1387 qui
469 1338 585 1386 priori
606 1338 641 1375 L
662 1338 701 1375 D
720 1338 1000 1376 convexitatem
1020 1336 1144 1383 offert,

101 1399 140 1427 et
167 1392 215 1427 ab
243 1399 406 1442 utroque
433 1404 503 1428 axe
535 1392 569 1428 B
595 1392 638 1433 C,
665 1391 699 1428 B
725 1391 775 1437 G,
804 1392 845 1428 in
864 1390 1059 1428 infinitum
1079 1393 1146 1428 ab-

100 1442 243 1489 scedit3
273 1457 390 1482 curva
408 1444 528 1494 igitur
550 1445 590 1481 D
612 1444 648 1481 L
667 1442 708 1482 'O
735 1452 924 1492 punctum
952 1443 1147 1494 regressus

100 1497 214 1534 habet
228 1497 269 1534 in
283 1498 332 1543 L,
348 1505 386 1535 et
403 1497 569 1534 solidum
583 1496 753 1534 minimae
768 1497 990 1535 resistentiae
1003 1510 1047 1534 ex
1063 1497 1147 1547 ejus

101 1548 203 1587 circa
221 1562 332 1587 axem
354 1551 392 1587 A
412 1549 444 1586 C
462 1549 700 1587 revolutione
718 1550 907 1600 genitum,
926 1552 1145 1587 ‘convexum

98 1602 160 1640 vel
179 1614 402 1648 concavum,
423 1609 461 1640 et
479 1603 619 1651 partim
635 1614 864 1649 convexum,
884 1602 1025 1652 partim
1051 1615 1145 1640 con-

98 1667 237 1693 cavum
255 1663 488 1705 essepotest.

116 1741 119 1745 .
152 1712 243 1748 209.
280 1709 477 1754 Quoniam
494 1707 521 1746 d
539 1720 565 1745 x
583 1722 640 1745 =
661 1687 681 1710 z
700 1674 726 1712 d
744 1688 769 1724 y

703 1754 727 1778 a
768 1737 781 1756 ,
811 1709 882 1747 erit
899 1720 998 1747 areae
1017 1721 1143 1747 curvae

569 1794 721 1843 zydy

635 1874 659 1898 a

101 1967 229 1994 curvae
257 1945 644 2009 VTsx—2ss'd'3'2
663 1972 721 1993 =
739 1922 1144 2003 QZ,

923 2003 947 2027 a

97 2042 333 2080 elementum
360 2040 573 2091 superficiei
591 2055 615 2079 a
632 2039 751 2083 curva.
777 2041 877 2093 circa
903 2055 1015 2091 axem
1046 2043 1084 2080 A
1109 2043 1143 2082 C

95 2137 220 2176 rotata
246 2137 388 2189 genitae
413 2153 470 2174 =
499 2105 1017 2208 Q
1041 2137 1091 2190 (si
1119 2150 1145 2186 p

95 2224 145 2262 sit
172 2223 501 2273 semi-peripheria
527 2222 672 2265 circulis,
689 2224 802 2274 cujus
827 2222 958 2261 radius
976 2230 1033 2261 est
1050 2223 1141 2260 uni-

95 2277 170 2326 tas)
188 2292 200 2324 ;
239 2278 476 2316 elementum
512 2275 626 2315 solidi
658 2277 699 2314 in
732 2275 868 2315 eadem
899 2276 1140 2314 revolutione

371 2330 593 2390 P3y²dy

470 2408 493 2432 a

95 2449 658 2562 ffi2pydygmerit
969 2493 1143 2544 ydy==

237 2567 385 2617 ady'
887 2579 1068 2643 —ydy

94 2640 515 2694 dy²><aa÷zz
889 2641 1131 2698 aa÷zz'

97 2695 223 2733 Porrb
241 2696 272 2732 si
291 2696 331 2732 in
345 2696 405 2732 his
423 2697 659 2737 fluxionibus
676 2698 761 2737 loco
779 2712 817 2749 y,
839 2708 876 2737 et
895 2699 921 2737 d
940 2712 974 2748 y,
997 2700 1137 2736 substi-

96 2754 257 2785 tuantur
292 2749 460 2797 ipsarum
491 2753 639 2791 valeres
674 2752 743 2802 qui
778 2765 825 2790 ex
861 2752 1140 2802 aequationibus

97 1825 333 1866 elementum
360 1841 386 1878 y
405 1827 431 1866 d
449 1840 475 1866 x
493 1843 551 1864 =
725 1854 736 1874 ‚
772 1827 1008 1866 elementum
1036 1840 1149 1865 arcus

605 2376 618 2410 ;
638 2370 678 2400 et
698 2361 913 2400 resistentia
931 2360 1145 2411 superficiei

97 2361 277 2412 descripti
295 2379 353 2399 =

741 2460 891 2510 ady²

669 2527 951 2580 (1κῖψάγῖ-

546 2625 571 2662 y
598 2611 676 2663 dy
703 2612 781 2651 sive
811 2620 858 2651 ut

97 2802 1140 2907 v=—-—‘²²4³;:2²³²2etdy=³2332÷{az

166 2917 312 2956 aadz

330 2951 531 3000 habentur,
564 2954 688 2993 fluens
719 2955 756 2993 S.
779 2967 806 3005 y
832 2954 857 2992 d
885 2967 920 2999 x,
955 2968 1023 2993 seu
1053 2967 1141 2994 area

193 2990 218 3022 4
232 2998 252 3021 z
271 2997 291 3021 z

98 3050 225 3076 curvae
239 3036 398 3074 inveniri
414 3041 552 3088 poterit
562 3040 787 3092 algebraice,
807 3041 891 3079 aliae
908 3040 998 3079 ver&
1017 3041 1141 3090 fluen-

96 3099 153 3130 tes
170 3093 218 3128 ab
236 3092 454 3140 hyperbolae
471 3094 706 3143 quadratura
724 3094 905 3142 pendent.

150 3146 269 3186 Sclzol·
334 3144 434 3189 Quae
452 3147 501 3185 ad
520 3148 689 3185 solidum
714 3147 888 3184 minimae
914 3147 1137 3185 resistentia:

96 3204 278 3247 spectant,
307 3209 352 3234 ea
370 3197 449 3236 fere
466 3202 596 3239 omnia
613 3200 782 3238 mutuati
799 3214 935 3239 sumus
962 3214 1008 3238 ex
1027 3201 1133 3239 illm.

97 3249 325 3289 Marchione
347 3251 579 3300 Hospitalio,
595 3262 681 3292 tum
699 3253 740 3290 in
758 3257 847 3291 Act.
870 3254 1054 3303 Lipsiens.
1071 3267 1134 3293 an.

100 3309 215 3349 1699,
235 3309 321 3340 tum
339 3302 380 3339 in
401 3304 583 3344 Monum.
608 3308 728 3345 Paris.
748 3307 919 3358 ejusdem
931 3307 1035 3345 anni.
1072 3309 1137 3346 De

97 3357 236 3394 eodem
255 3354 377 3393 solido
397 3356 564 3404 plurima
582 3360 697 3398 etiam
715 3359 906 3398 dederunt
923 3360 1040 3398 celeb.
1064 3361 1137 3398 viri

97 3410 188 3450 Joh.
225 3409 425 3447 Bernoull.
457 3411 499 3447 in
529 3413 619 3450 Act.
653 3412 761 3462 Lips.
793 3426 854 3450 an.
877 3417 989 3454 1699.
1018 3418 1131 3452 1700.

98 3463 353 3500 Hermannus
370 3461 411 3498 in
435 3464 707 3512 Phoronomia‚
728 3474 767 3504 et
789 3465 906 3504 Facio
924 3467 972 3504 ad
991 3466 1136 3504 calcem

97 3515 207 3554 Libri
233 3515 282 3554 de
311 3515 520 3554 Murorum
542 3518 807 3563 Inclinatione,
837 3520 908 3557 &c.
968 3520 1042 3558 Sed
1069 3520 1137 3569 qui

95 3575 216 3606 totam
233 3569 332 3606 hanc
346 3568 526 3607 Newtoni
543 3571 849 3619 Propositionem
862 3569 1035 3609 maxima
1047 3573 1137 3609 uni-

96 3620 310 3659 versalitate
340 3630 605 3670 pertractatam
643 3625 781 3665 habere
811 3625 959 3671 volunt,
1006 3625 1138 3676 legant

97 3680 304 3716 tractatum
334 3686 358 3711 a
386 3674 526 3714 clariss.
572 3677 785 3727 Bouguero
819 3677 981 3723 editum,
1020 3687 1059 3715 et
1088 3680 1138 3716 ab

100 3725 314 3764 Academia
349 3726 478 3780 Regia
506 3729 712 3767 Parisiensi
738 3742 799 3767 an.
836 3734 947 3769 1727.
979 3731 1139 3779 praemio

98 3778 407 3825 condecoratam,
437 3781 501 3820 cui
525 3781 686 3829 titulus;
723 3783 788 3822 De
820 3782 858 3819 la
884 3781 1036 3821 mature
1072 3784 1139 3822 des

101 3830 326 3882 Vaisseaux,
353 3846 425 3873 nec
452 3847 532 3875 non
560 3836 743 3876 Menum.
769 3835 888 3875 Paris·
920 3849 981 3876 an.
1018 3841 1133 3878 1733.

2151 268 2258 318 207

1204 400 1249 437 ¹in
1268 400 1409 450 quibus
1427 401 1711 450 elegantissima
1726 408 1764 440 et
1778 401 2098 441 universalissima
2112 403 2258 453 legitur

1208 453 1357 490 ultimae
1376 455 1509 491 scholii
1537 455 1786 493 Newtoniani
1804 456 1920 504 partis
1936 456 2089 494 solutio.
2152 458 2257 495 Rem

1209 519 1233 543 a
1251 506 1389 544 clariss.
1407 516 1540 545 autore
1559 508 1857 546 demonstratam
1872 508 1934 546 hic
1950 510 2151 547 observatu
2170 510 2256 560 dig-

1210 558 1406 597 nissimam
1414 561 1647 610 judicamus,
1661 561 1848 604 videlicet,
1864 561 2031 599 solidum
2043 562 2256 600 rotundum

1210 613 1322 662 cujus
1341 615 1665 652 constructionem
1685 613 1802 652 mod&
1816 615 2004 658 dedimus,
2027 616 2068 651 in
2087 614 2257 665 qualibet

1209 666 1328 715 hujus
1354 666 1466 703 so‘lidi
1495 667 1704 704 directione
1724 677 1761 705 et
1774 667 1887 718 juxta
1906 668 2117 718 quamlibet
2144 667 2255 705 fluidi

1209 718 1497 766 impulsionem,
1531 720 1734 758 minimam
1763 721 1939 758 omnium
1967 722 2046 770 pati
2077 722 2254 758 resisten-

1208 771 1314 814 tiam,
1344 773 1511 820 exceptis
1529 773 1761 822 quibusdam
1781 774 1929 812 casibus
1948 774 2016 824 qui
2035 774 2075 811 in
2095 774 2254 825 naviga-

1208 825 1324 875 tionis
1342 826 1450 872 praxi
1469 827 1529 876 vix
1550 836 1724 875 unquam
1744 835 1964 872 occurrunt,
1995 840 2086 865 cum
2106 828 2251 866 scilicet

1203 876 1363 915 directio
1389 877 1502 915 solidi
1529 880 1694 929 majores
1721 880 1886 928 angulos
1904 893 1993 918 curn
2011 889 2083 929 axe
2110 882 2251 918 consti-

1203 930 1280 967 tuit
1291 945 1302 976 ;
1325 937 1363 968 et
1381 930 1486 981 quod
1505 932 1648 969 mirum
1669 940 1737 977 est,
1756 934 1798 970 in
1816 933 1874 969 his
1893 932 2054 978 casibus,
2084 934 2252 972 solidum

1202 982 1303 1020 illud
1330 983 1434 1033 quod
1461 992 1542 1022 erat
1573 985 1745 1022 minimae
1781 986 2003 1023 resistentiae
2031 996 2069 1023 et
2096 987 2251 1038 naviga.-

1204 1035 1301 1073 tioni
1320 1036 1575 1084 aptissimum,
1596 1037 1762 1075 solidum
1781 1039 1961 1076 maximae
1975 1040 2196 1077 resistentiae
2214 1050 2254 1079 et

1203 1088 1254 1126 ad
1272 1102 1389 1126 usum
1407 1090 1664 1141 navigationis
1683 1091 1859 1128 omnium
1878 1092 2040 1129 minime
2067 1092 2253 1130 idoneum

1204 1143 1345 1179 evadit.
1410 1143 1512 1187 Quae
1531 1142 1621 1181 verd
1639 1144 1689 1181 ad
1702 1144 1957 1182 universalem
1976 1145 2190 1183 solidorum
2209 1147 2253 1185 in

1200 1194 1330 1232 fluidis
1364 1197 1617 1234 resistentiam
1650 1198 1855 1245 pertinent,
1893 1198 1973 1247 peti
2009 1206 2170 1247 possunt
2202 1213 2249 1237 ex

1201 1261 1319 1286 aureo
1345 1249 1439 1288 Joh.
1475 1250 1696 1289 Bernoullii
1726 1251 1878 1289 Libello
1906 1252 1974 1300 qui
2002 1252 2244 1291 inscribitur:

1204 1301 1318 1339 Essai
1348 1300 1469 1340 d’une
1499 1303 1692 1341 Nouvelle
1723 1304 1888 1342 Theorie
1908 1304 2012 1342 dela
2029 1317 2251 1344 manoeuvre

1200 1354 1269 1392 des
1290 1355 1516 1402 Vai‘sseaux,
1546 1363 1585 1394 et
1603 1369 1649 1393 ex
1673 1358 1894 1395 Hermanni
1917 1357 2192 1397 Phoronomia.

1256 1412 1348 1446 210.
1375 1409 1554 1447 Lemma.
1614 1413 1771 1460 Splzaera
1791 1419 1844 1449 est
1862 1414 1913 1449 ad
1934 1414 2153 1462 cylindrum
2174 1415 2250 1451 cir-

1201 1463 1481 1512 cumscriptum
1500 1471 1544 1501 ut
1564 1466 1639 1501 duo
1659 1467 1709 1502 ad
1727 1467 1813 1502 tria.
1869 1465 2026 1512 Sphaera
2045 1473 2251 1514 generatur

1201 1527 1271 1562 per
1288 1515 1570 1553 revolutionem
1591 1517 1840 1555 semi-circuli
1865 1518 1902 1555 A
1927 1516 1970 1554 H
1996 1519 2029 1555 B
2049 1518 2149 1556 circa
2168 1519 2248 1556 dia-

1201 1575 1370 1605 metrum
1394 1570 1431 1605 A
1456 1570 1504 1612 B,
1535 1577 1574 1607 et
1593 1569 1788 1618 cylindrus
1807 1572 1965 1619 sphaerae
1984 1570 2248 1621 circumscrip-

1200 1627 1266 1657 tus
1283 1633 1352 1669 per
1370 1621 1650 1673 revolutionem
1668 1623 1883 1673 rectanguli
1906 1624 1944 1661 A
1959 1623 1993 1661 'C
2005 1623 2046 1660 D
2068 1625 2120 1671 B,
2138 1626 2250 1675 cuj'us

1198 1673 1320 1711 latera
1351 1674 1390 1711 A
1413 1675 1459 1720 C,
1495 1672 1531 1712 B
1557 1671 1605 1713 ’1)
1638 1676 1774 1713 circuli
1805 1676 1914 1713 radio
1947 1683 2038 1713 sunt
2070 1678 2244 1727 aequalia.

1201 1724 1346 1766 Ductis
1364 1727 1549 1767 ordinatis
1566 1728 1716 1768 infinite
1743 1729 1969 1779 propinquis
2000 1729 2034 1769 P
2056 1730 2119 1777 M,
2147 1743 2174 1779 p
2193 1744 2246 1779 m,

1193 2609 1372 2648 dicantur
1394 2609 1432 2646 A
1457 2610 1489 2647 C
1506 2623 1564 2645 =
1584 2621 1613 2652 r,
1645 2609 1975 2659 semi-peripheria
1998 2614 2032 2650 A
2061 2614 2103 2651 H
2129 2613 2164 2651 B
2183 2630 2242 2650 =

1193 2677 1230 2712 p,
1268 2664 1303 2700 A
1327 2663 1362 2700 P
1376 2680 1432 2698 =
1453 2676 1487 2706 x,
1522 2662 1556 2699 P
1576 2676 1601 2710 p
1620 2677 1678 2698 =
1698 2663 1723 2700 d
1743 2676 1778 2706 x,
1812 2673 1849 2701 et
1881 2666 1973 2714 quia
2005 2666 2241 2704 circulorum

1195 2729 1293 2753 areae
1325 2725 1415 2753 sunt
1447 2716 1487 2752 in
1518 2716 1665 2752 ratione
1695 2715 1889 2764 duplicata
1917 2719 2126 2766 radiorum,
2170 2721 2242 2758 erit

1194 2769 1424 2818 quadratum
1452 2768 1548 2806 radii
1572 2770 1603 2806 C
1628 2768 1678 2813 A,
1700 2782 1766 2806 seu
1786 2782 1805 2806 r
1824 2784 1853 2815 r,
1883 2771 1933 2808 ad
1951 2786 2079 2811 aream
2106 2773 2242 2811 circuli

1198 2824 1236 2859 A
1260 2822 1305 2859 H
1329 2823 1376 2863 B.
1400 2820 1631 2870 nemperp,
1653 2829 1697 2859 ut
1719 2823 1766 2859 M
1789 2823 1874 2868 ΡΖ,
1897 2838 1964 2862 seu
1985 2831 2240 2863 &rx—xx

1194 2876 1244 2913 ad
1263 2888 1391 2912 aream
1411 2874 1544 2913 circuli
1563 2875 1670 2913 radio
1693 2876 1728 2913 P
1748 2877 1796 2914 M
1817 2877 2007 2927 descripti,
2038 2893 2125 2930 quae
2152 2878 2241 2917 ideo

1483 2942 1509 2976 p
1529 2940 1552 2964 x
1573 2941 1597 2965 x

1527 3007 1547 3031 r

1198 3046 1376 3085 elementi
1411 3047 1446 3086 P
1475 3048 1523 3085 M
1551 3060 1589 3085 m
1619 3060 1659 3137 p(i
1691 3046 1793 3085 circa
1828 3050 1863 3086 A
1889 3050 1925 3088 B
1950 3051 2137 3102 genitum,
2167 3052 2240 3089 erit

1503 3113 1529 3148 p
1547 3113 1572 3136 x
1591 3114 1613 3137 x
1681 3112 1703 3137 x

1594 3177 1614 3201 r

1192 3217 1361 3256 solidum
1380 3230 1427 3256 ex
1445 3218 1633 3256 rotatione
1652 3220 1841 3269 segmenti
1860 3221 2056 3261 circularis
2078 3224 2116 3261 A
2135 3225 2184 3262 M
2204 3225 2238 3263 P

1640 3274 2235 3357 px3‚etfactaAP=AB‚

1192 3402 1259 3428 seu
1279 3401 1304 3426 x
1322 3403 1380 3425 =
1401 3393 1425 3426 2
1442 3402 1474 3435 r,
1497 3392 1645 3439 sphaera
1662 3344 1742 3430 ῗοζει
1761 3392 1925 3431 habetur
1941 3411 1998 3431 =
2018 3400 2044 3433 4
2063 3411 2087 3446 p
2107 3409 2127 3432 r
2144 3409 2163 3432 r
2183 3418 2235 3427 --

1206 3448 1229 3481 8
1467 3447 1493 3480 4
1699 3479 1703 3484 ,
1836 3478 1844 3486 .
2184 3481 2193 3488 .

1193 3498 1241 3546 -Ξ-
1259 3488 1285 3523 p
1303 3487 1322 3512 r
1340 3488 1359 3512 r
1375 3490 1433 3511 =
1454 3498 1502 3546 Ξ
1525 3489 1551 3524 p
1570 3488 1591 3512 r
1608 3488 1637 3515 r.
1674 3477 1750 3515 Sed
1772 3478 1969 3528 cyllndrus
1989 3482 2146 3529 sphaerae
2160 3494 2235 3518 cn·-

1191 3561 1448 3609 cumscriptus
1466 3569 1523 3599 est
1540 3562 1684 3600 factum
1699 3576 1744 3601 ex
1757 3565 1845 3603 area
1864 3566 1998 3604 circuli
2017 3566 2124 3602 radio
2146 3567 2179 3603 A
2201 3567 2234 3605 C

1192 3614 1371 3663 descripti
1398 3614 1439 3651 in
1467 3614 1630 3663 cylindri
1662 3617 1908 3656 altitudinem
1940 3621 1977 3656 A
2001 3621 2051 3664 B,
2083 3632 2149 3656 seu
2178 3627 2235 3658 est

1194 3673 1218 3705 2
1230 3681 1255 3717 p
1273 3680 1294 3704 r
1311 3680 1341 3705 r.
1378 3666 1510 3712 Quare
1527 3669 1675 3718 sphaera
1693 3679 1750 3709 est
1768 3670 1817 3708 ad
1832 3671 2050 3721 cylindrum
2069 3672 2233 3710 circum-

1197 2961 1268 2999 erit
1287 2967 1311 2999 2
1325 2974 1351 3010 p
1370 2973 1394 2999 x
1413 2983 1466 2992 —
1610 2976 1622 3008 3
1645 2969 1683 2999 et
1700 2962 1792 2999 hinc
1810 2963 2036 3002 solidumex
2052 2964 2240 3003 rotatione

1192 3136 1218 3169 2
1236 3141 1262 3181 p
1281 3145 1306 3170 x
1326 3132 1352 3169 d
1371 3145 1395 3170 x
1423 3155 1476 3163 --
1706 3159 1718 3179 ‚
1747 3134 1986 3186 sumptisque
2015 3136 2236 3183 fluentibus,

1192 3311 1334 3351 ortum,
1356 3303 1427 3341 erit
1445 3315 1506 3352 px
1521 3316 1546 3341 x
1565 3327 1619 3334 —

1192 3752 1377 3802 scriptum
1395 3760 1440 3791 ut
1459 3725 1510 3824 ἒ
1528 3766 1554 3803 p
1573 3766 1625 3792 rr
1641 3755 1692 3794 ad
1712 3760 1736 3794 2
1754 3769 1780 3806 p
1798 3768 1818 3793 r
1834 3768 1865 3802 r,
1886 3756 1927 3795 id
1946 3763 2015 3805 est,
2034 3757 2182 3796 ut4ad
2193 3764 2232 3805 6,

1190 3838 1268 3878 sive
1289 3846 1332 3877 ut
1351 3843 1374 3877 2
1393 3840 1442 3879 ad
1459 3845 1497 3879 5.
1560 3841 1613 3887 Q.
1633 3855 1666 3881 e.
1688 3842 1728 3881 d.
