2502 4192
220 288 320 339 172

724 274 1290 334 PHILOSOPHIAE
1329 278 1782 333 NATURALIS

1892 280 2066 347 [Mor.
2098 279 2348 332 CORPOR.

213 422 310 474 bus
337 431 457 474 sunt
480 422 534 474 in
558 421 817 491 duplicata
843 421 1042 473 ratione
1068 438 1281 473 arcuum
1307 419 1685 488 descriptorum
1710 419 1864 490 quam
1881 421 2133 489 proxime,
2173 423 2228 473 in
2254 422 2351 472 mi-

211 518 424 568 noribus
450 515 573 568 vero
597 515 754 584 paulo
791 515 1010 583 majores
1036 511 1191 584 quam
1214 513 1269 564 in
1294 511 1353 564 ea
1379 512 1607 574 ratione;
1648 521 1700 563 et
1723 521 1996 580 propterea
2034 518 2149 582 (per
2176 513 2350 566 Corol.

214 613 263 657 2.
295 606 453 673 Prop.
483 603 707 656 XXXI.
737 602 887 654 Libri
910 602 1085 672 hujus)
1112 600 1401 653 resistentia
1424 600 1589 672 globi,
1628 601 1719 651 ubi
1744 598 1959 653 celerius
1983 611 2236 666 movetur,
2276 611 2355 654 est

211 698 267 748 in
293 694 552 765 duplicata
579 694 779 745 ratione
805 692 1087 745 velocitatis
1124 688 1280 762 quam
1310 689 1546 760 proxime
1560 710 1576 754 3
1615 690 1705 742 ubi
1741 688 1953 754 tardius,
1997 691 2153 760 paulo
2190 692 2355 761 major

213 784 367 856 quam
391 785 445 835 in
472 782 531 835 ea
557 783 773 834 ratione.

284 874 348 942 (g)
376 872 631 942 Designet
647 872 757 940 jam
784 871 835 922 V
859 869 1183 922 velocitatem
1210 869 1493 922 maximam
1517 868 1571 919 in
1587 868 1904 921 oscillatione
1930 867 2125 938 quavis,
2153 870 2355 940 sintque

212 965 280 1026 A,
312 963 374 1025 Β,
406 962 452 1014 C
477 962 786 1031 quantitates
813 961 964 1023 datae,
993 971 1045 1013 et
1069 960 1324 1031 fingamus
1352 959 1492 1030 quod
1511 958 1799 1012 differentia
1817 978 2031 1012 arcuum
2057 960 2122 1011 sit
2148 960 2198 1011 A
2218 961 2269 1011 V
2293 970 2346 1022 -Ι-

217 1055 263 1106 B
291 1053 341 1105 V
366 1037 397 1102 ᾗ·
432 1061 485 1116 -1-
522 1053 568 1104 C
593 1053 645 1104 V
668 1052 704 1104 ².
781 1051 847 1122 (¹¹)
876 1050 1011 1104 Cum
1038 1051 1331 1104 velocitates
1348 1051 1590 1103 maximae
1611 1052 1713 1103 sint
1730 1052 1784 1103 in
1800 1052 2030 1122 cycloide
2048 1062 2106 1104 ut
2121 1053 2354 1105 semisses

213 1195 449 1235 oscillatione
477 1194 661 1235 mediocri
696 1209 764 1244 per
799 1194 978 1244 primam,
1016 1206 1150 1233 omnes
1181 1194 1259 1231 illae

212 1248 438 1287 differentiae
450 1257 563 1287 erunt
573 1257 617 1287 ut
633 1254 665 1286 1.
678 1264 690 1296 3
705 1252 852 1289 2-7107
864 1262 876 1296 3
892 1250 1049 1293 9.5o72‚
1063 1253 1125 1286 36.
1133 1251 1236 1287 9577
1244 1259 1257 1295 ς

222 1306 444 1349 141.8578;
464 1306 678 1342 5428965.

269 1355 470 1399 Quadrata
496 1353 587 1394 vero
613 1367 775 1392 arcuum
801 1361 893 1392 sunt
919 1361 966 1392 ut
988 1358 1021 1400 1,
1043 1358 1079 1398 4,
1107 1357 1166 1398 16,
1188 1358 1255 1399 64,

213 1411 306 1454 256,
332 1412 444 1446 1024.
467 1408 574 1446 unde
599 1419 647 1445 ex
674 1420 811 1446 eorum
837 1420 1088 1446 numerorum
1105 1406 1254 1454 inspec-

211 1460 316 1498 tione
334 1460 455 1511 liquet
472 1460 706 1498 differentias
724 1474 810 1511 quae
825 1461 865 1498 in
878 1460 1092 1499 minoribus
1106 1460 1254 1497 oscilla-

212 1514 382 1552 tionibus
412 1516 618 1552 observatae
644 1521 735 1552 sunt
761 1527 842 1553 esse
860 1513 909 1552 ad
927 1526 991 1552 eas
1008 1527 1096 1564 quae
1113 1515 1154 1550 in
1173 1525 1254 1549 ma-

210 1567 360 1617 joribus
392 1569 558 1605 arcubus
589 1569 836 1605 observantur
867 1567 908 1604 in
935 1567 1080 1617 majore
1110 1565 1255 1603 ratione

215 1618 333 1670 quam
350 1619 545 1669 duplicata
558 1632 717 1657 arcuum
731 1635 743 1667 3
763 1620 804 1657 in
818 1619 1026 1670 majoribus
1040 1617 1130 1657 vero
1143 1619 1254 1655 oscil-

212 1673 421 1710 lationibus
439 1674 604 1710 rationes
623 1673 779 1710 illarum
797 1672 1099 1711 differentiarum
1118 1671 1168 1709 ad
1194 1684 1253 1709 ra-

211 1726 357 1763 tionem
383 1726 617 1775 duplicatam
645 1738 805 1764 arcuum
833 1726 957 1776 magis
983 1724 1179 1769 accedunt,
1209 1732 1253 1762 ut

213 1779 317 1816 enim
344 1791 455 1816 arcus
482 1778 523 1815 in
550 1779 814 1830 progressione
832 1778 951 1828 dupla
968 1778 1077 1816 fuere
1093 1777 1252 1826 sumpti,

212 1832 311 1869 ratio
338 1831 533 1881 duplicata
558 1845 722 1870 arcuum
748 1832 1012 1880 proximorum
1031 1838 1088 1870 est
1104 1831 1200 1868 ratio
1232 1835 1249 1868 1

214 1884 264 1922 ad
283 1889 320 1922 4.
331 1884 413 1935 jam
434 1884 523 1922 vero
544 1889 691 1924 9.5o72
717 1892 775 1923 est
802 1897 881 1922 non
907 1884 1033 1922 multo
1062 1884 1185 1934 major
1212 1888 1248 1921 4.

212 1945 320 1986 parte
348 1937 501 1976 numeri
529 1942 591 1977 86.
600 1941 674 1978 957
680 1942 716 1985 7,
744 1938 817 1976 iste
834 1945 963 1976 autem
982 1937 1032 1976 ad
1050 1942 1086 1975 4.
1110 1943 1258 1986 partem

213 1990 366 2028 numeri
391 1995 598 2037 141.8378,
627 1991 752 2042 magis
770 1990 928 2038 accedit,
957 1992 1114 2040 propius
1132 1989 1258 2027 adhuc

212 2043 284 2081 iste
302 2044 448 2082 accedit
462 2043 510 2081 ad
525 2051 700 2094 quartam
714 2051 860 2093 partem
874 2044 1026 2081 numeri
1041 2047 1253 2082 5428965.

217 2097 333 2136 Unde
353 2097 453 2135 inter
469 2110 581 2135 arcus
598 2110 771 2149 magnos,
801 2105 929 2135 motus
946 2096 1105 2135 amissos
1123 2096 1165 2134 iu
1184 2096 1257 2133 du-

213 2148 355 2198 plicata
368 2151 447 2188 fere
459 2151 605 2189 ratione
618 2163 779 2188 arcuum
796 2150 873 2188 sive
892 2149 1139 2188 velocitatum
1157 2149 1259 2187 sumi

214 2216 325 2251 posse
343 2203 558 2241 deducitur.
815 2238 819 2242 .

270 2256 384 2293 Idem
403 2255 643 2294 manifestius
662 2255 806 2304 patebit
832 2256 864 2293 si
883 2255 1105 2293 dividantur
1122 2255 1163 2292 hi
1186 2267 1258 2292 nu-

214 2309 310 2345 meri
328 2308 396 2359 qui
415 2321 577 2347 arcuum
595 2308 831 2348 differentias
856 2308 1081 2358 exprimunt
1106 2320 1175 2357 per
1201 2308 1259 2357 ip-

214 2374 348 2399 sorum
383 2374 544 2399 arcuum
579 2362 756 2407 rationes,
793 2363 1035 2400 habebuntur
1062 2362 1167 2399 enirn
1200 2366 1231 2400 1.
1245 2377 1258 2409 ς

219 2417 391 2462 1.355:3;
414 2418 589 2462 2.3788;
608 2418 783 2462 4.6197;
804 2419 970 2462 8.8648;
993 2419 1053 2453 16.
1062 2418 1179 2464 9655,
1192 2416 1260 2466 qui

215 2467 247 2504 si
261 2467 482 2506 resistentiae
498 2468 627 2506 forent
643 2474 689 2507 ut
706 2467 891 2519 quadrata
908 2467 1169 2515 velocitatum,
1190 2468 1257 2507 de-

216 2521 350 2559 berent
373 2533 454 2558 esse
480 2528 526 2559 ut
550 2521 623 2570 ipsi
641 2534 752 2560 arcus
769 2521 809 2572 ᾗ,
827 2526 860 2567 1,
881 2526 918 2568 2,
938 2526 978 2568 4,
996 2526 1035 2568 8,
1059 2525 1119 2560 16.
1182 2520 1259 2561 Sed

217 2585 266 2611 ex
294 2571 378 2621 ipsa
408 2573 645 2623 inspectione
675 2574 798 2625 liquet
826 2574 994 2615 minores
1025 2574 1259 2613 differentias

216 2626 426 2677 majoribus
443 2627 614 2665 numeris
631 2628 795 2677 exprimi
807 2640 924 2678 quam
941 2627 1015 2677 ipsi
1033 2640 1153 2673 arcus,
1174 2641 1258 2666 ma-

211 2679 316 2730 jores
334 2678 423 2719 vero
441 2679 520 2719 fere
539 2680 688 2719 iisdem.
749 2681 790 2719 Si
808 2679 897 2719 vero
911 2688 1190 2730 supponeretur
1202 2694 1261 2719 re-

218 2732 427 2771 sistentiam
455 2745 535 2771 non
562 2732 713 2772 tantum
733 2747 814 2772 esse
832 2734 873 2771 in
892 2734 1039 2772 ratione
1065 2732 1263 2783 duplicata

218 2785 478 2833 velocitatum,
512 2786 579 2825 sed
597 2787 712 2826 etiam
739 2795 888 2836 partem
907 2786 1078 2837 aliquam
1105 2787 1262 2825 aliunde

217 2837 336 2887 quam
354 2852 403 2878 ex
421 2838 528 2878 mera
544 2838 683 2878 inertia
700 2839 871 2878 materiae
882 2839 1099 2886 oriundam,
1120 2852 1201 2878 esse
1219 2848 1264 2880 ut

218 2891 412 2939 velocitas,
444 2890 611 2942 ideoque
630 2891 722 2931 cum
741 2894 801 2930 hae
828 2893 1060 2943 quantitates
1085 2905 1176 2930 mox
1203 2894 1263 2930 in·

217 2951 343 2982 ventae
361 2946 439 2983 sint
456 2947 672 2996 quotientes
692 2945 999 2984 differentiarum
1017 2958 1178 2984 arcuum
1197 2959 1265 2995 per

219 2997 438 3036 velocitates
456 2999 679 3045 divisarum,
709 3000 770 3036 hae
797 2999 1029 3049 quantitates
1047 3006 1264 3037 constarent

218 3058 326 3098 parte
352 3059 549 3091 constante
577 3059 615 3091 et
632 3050 710 3090 alia
727 3059 836 3102 parte
853 3051 1042 3091 velocitati
1061 3052 1140 3089 sive
1158 3051 1265 3090 arcui

221 3104 520 3151 proportionata.

267 3155 451 3194 Sumatur
464 3158 592 3208 itaque
607 3157 727 3207 prima
737 3159 931 3210 quantitas
942 3162 976 3205 l,
984 3166 1023 3197 et
1030 3157 1163 3197 ordine
1172 3170 1263 3196 con-

219 3207 365 3246 feratur
378 3222 467 3248 cum
479 3211 661 3257 secunda,
676 3219 760 3249 tum
776 3224 866 3249 cum
878 3211 1000 3258 tertia,
1013 3224 1103 3249 cum
1115 3211 1261 3262 quarta,

219 3261 290 3299 ἃς.
312 3262 727 3314 supponaturque‘illas
740 3272 912 3302 constare
926 3264 1077 3303 duabus
1090 3264 1259 3313 partibus

219 3313 340 3353 altera
369 3315 560 3354 velocitati
596 3317 879 3366 proportionata
909 3318 1027 3356 altera
1054 3318 1254 3364 constanti,

219 3379 256 3405 v.
277 3380 332 3417 gr.
364 3367 413 3405 sit
438 3368 561 3417 prima
592 3370 782 3420 quantitas
812 3374 829 3408 l
850 3385 907 3407 =
927 3383 950 3409 a
968 3371 1020 3423 -1-
1038 3383 1063 3411 x
1091 3370 1259 3409 secunda

223 3424 370 3460 1.3558
388 3436 446 3457 =
466 3425 489 3458 2
508 3435 532 3459 a
550 3422 643 3474 ''l-¹²
673 3423 720 3460 iis
736 3423 789 3461 ita
805 3423 966 3462 binatim
993 3423 1189 3462 calculatis
1214 3432 1260 3462 ut

221 3480 378 3511 eruatur
396 3473 501 3512 valor
518 3482 590 3512 aet
602 3487 640 3521 x,
660 3477 852 3526 quantitas
871 3486 1049 3515 constans
1066 3490 1104 3524 x,
1124 3477 1166 3514 in
1180 3476 1258 3514 sin-

220 3526 317 3576 gulo
339 3526 487 3565 calculo
505 3526 639 3565 eadem
659 3540 739 3565 non
758 3529 985 3576 invenietur,
1006 3529 1073 3568 sed
1091 3529 1183 3568 varii
1197 3530 1259 3568 isti

221 3579 497 3618 obtinebuntur
513 3579 659 3618 valeres
684 3582 757 3619 hoc
784 3582 918 3620 ordine
936 3588 1055 3623 .6447
1072 3603 1081 3626 ;
1110 3587 1256 3630 ..54043

222 3636 346 3672 .4829
355 3647 367 3680 ;
388 3636 510 3672 ‚4757
519 3647 532 3681 3
548 3637 685 3679 .4849,
700 3633 764 3684 qui
779 3634 1004 3674 decrescunt
1017 3636 1150 3675 ordine
1162 3648 1258 3686 quo-

222 3683 313 3721 dam
330 3685 498 3736 regulari
519 3685 676 3738 (ultimo
693 3694 852 3735 excepto
869 3690 919 3726 ob
945 3688 1151 3739 aliqualem
1178 3690 1259 3728 exi-

223 3749 346 3787 guum
367 3740 566 3788 errorem),
595 3739 699 3777 unde
717 3739 847 3790 liquet,
875 3740 1063 3779 rationem
1080 3742 1260 3782 differen-

224 3790 366 3828 tiarum
393 3804 568 3840 arcuum,
597 3805 676 3831 non
703 3805 783 3830 esse
800 3793 939 3841 partim
957 3794 1000 3831 in
1017 3795 1164 3833 ratione
1189 3795 1262 3833 du-

225 3842 366 3891 plicata
386 3844 556 3893 ipsorum
575 3858 749 3894 arcuum,
779 3854 817 3884 et
835 3846 973 3896 partim
992 3847 1033 3886 in
1052 3859 1186 3888 eorum
1204 3861 1262 3887 ar-

1312 1206 1432 1233 cuum
1463 1194 1608 1233 ratione
1640 1194 1817 1243 simplici,
1850 1194 1916 1233 sed
1942 1194 2001 1231 his
2027 1195 2189 1246 adJungi
2214 1194 2354 1234 debere

1311 1247 1499 1285 rationem
1527 1248 1695 1297 aliquam
1725 1247 1992 1285 intermediam
2017 1259 2136 1298 quam
2153 1249 2354 1298 sesquipli-

1312 1308 1436 1338 catam
1455 1313 1614 1339 arcuum
1633 1301 1793 1338 assumit
1814 1301 2039 1347 Newtonus‚
2054 1301 2159 1351 quod
2177 1314 2268 1339 cum
2287 1315 2354 1339 ex-

1310 1353 1533 1402 perimentis
1550 1352 1708 1402 propius
1726 1354 1927 1391 consentit.

1364 1405 1422 1458 (g)
1445 1409 1466 1431 ¹*
1487 1409 1671 1456 Designet
1687 1407 1779 1456 jam
1817 1409 1849 1444 V
1871 1408 2101 1446 velocitatem
2128 1409 2352 1454 maximam,

1309 1458 1387 1497 sive
1405 1460 1657 1510 quantitatem
1675 1459 1866 1498 velocitati
1893 1461 2073 1497 maximae
2091 1462 2354 1510 proportiona-

1307 1512 1397 1557 lem,
1418 1515 1460 1552 z'n
1473 1515 1698 1551 oscillatione
1711 1515 1854 1563 quavis,
1875 1515 2024 1564 sintque
2044 1515 2096 1559 A,
2112 1516 2165 1559 B,
2184 1516 2217 1553 C
2229 1528 2353 1564 quan-

1308 1568 1429 1604 titaces
1447 1573 1675 1611 constantes,
1695 1578 1860 1616 quarum
1874 1566 2019 1603 valores
2032 1578 2099 1614 per
2111 1567 2349 1614 experimen-

1307 1625 1346 1656 ta
1357 1618 1737 1665 determinabuntur3
1754 1625 1792 1656 et
1806 1618 1951 1668 fingam
1957 1632 2000 1656 us
2011 1617 2114 1669 quod
2127 1619 2349 1664 resistentia,

1307 1684 1375 1709 seu
1395 1671 1613 1709 differentia
1630 1684 1792 1710 arcuum
1809 1671 1882 1721 ipsi
1899 1671 2193 1720 proportionalis
2209 1672 2347 1723 (Prop.

1310 1725 1443 1762 XXX
1452 1724 1524 1774 L),
1553 1724 1602 1762 sit
1627 1725 1765 1775 partim
1783 1731 1829 1762 ut
1846 1724 2036 1770 velocitas,
2065 1725 2203 1772 partim
2226 1731 2269 1762 ut
2289 1738 2353 1762 ve-

1307 1777 1472 1816 locitatis
1489 1778 1734 1860 quadratur}
1763 1784 1802 1815 et
1819 1777 1959 1826 partim
1976 1785 2020 1815 ut
2039 1778 2248 1816 velocitatis
2266 1777 2351 1828 dig-

1307 1843 1406 1882 nitas
1424 1844 1535 1895 cujus
1553 1843 1669 1882 index
1688 1862 1732 1896 ξ,
1753 1851 1792 1884 et
1804 1843 1963 1895 proinde
1977 1858 2237 1895 supponamus
2251 1849 2353 1896 quod

1311 1943 1479 2021 arcuum
1497 1928 1714 1981 differentia
1732 1933 1779 1969 sit
1798 1932 1838 1969 A
1865 1933 1900 1969 V
1914 1931 1967 1983 -ξ-
1987 1933 2026 1969 Β
2053 1934 2087 1969 V
2101 1899 2132 1963 ξ
2150 1931 2202 1984 -1-
2221 1935 2254 1972 C
2274 1934 2350 1978 V2,

1348 1997 1381 2022 c.

1366 2036 1427 2089 (¹²)
1451 2039 1470 2061 *
1495 2036 1593 2078 Czim
1618 2038 1822 2076 velocitates
1853 2038 2040 2083 maximni,
2074 2039 2144 2077 &c.
2202 2038 2353 2088 Corpus

1310 2089 1527 2139 pendulum
1554 2090 1595 2126 in
1621 2090 1751 2127 medio
1769 2102 1848 2127 non
1866 2090 2062 2128 resistente
2089 2090 2283 2129 oscilletur
2309 2093 2352 2129 in

1313 2142 1484 2192 cycloide
1515 2144 1542 2180 S
1564 2144 1599 2181 B
1624 2144 1663 2181 R
1685 2143 1738 2189 Q,
1767 2144 1892 2193 sitque
1915 2145 1952 2181 A
1971 2151 2160 2191 punctum
2191 2157 2352 2193 suspen-

1313 2197 1441 2241 sionis,
1468 2203 1506 2234 et
1528 2197 1567 2234 R
1585 2204 1774 2245 punctum
1791 2196 1972 2234 infimum
1990 2210 2034 2234 ac
2053 2197 2225 2235 medium
2242 2198 2353 2236 arcfis

1314 2250 1432 2287 totius
1454 2251 1480 2288 S
1503 2250 1541 2287 R
1559 2250 1609 2295 Q.
1677 2251 1819 2288 Centro
1841 2251 1878 2287 A
1899 2256 1938 2287 et
1955 2249 2061 2288 radio
2092 2252 2130 2288 A
2154 2252 2193 2288 R
2213 2250 2352 2288 descri-

1313 2304 1425 2341 batur
1455 2315 1565 2342 arcus
1596 2303 1730 2341 circuli
1759 2303 1808 2340 M
1830 2303 1866 2342 T
1889 2304 1927 2341 R
1948 2303 2001 2348 N,
2034 2303 2075 2340 in
2107 2316 2185 2354 quo
2214 2316 2353 2354 corpus

1312 2355 1429 2402 idem,
1461 2356 1521 2394 vel
1545 2356 1651 2394 aliud
1680 2355 1805 2393 simile
1836 2363 1875 2393 et
1907 2356 2054 2405 aequale
2089 2356 2283 2394 oscilletur
2308 2357 2350 2394 in

1314 2409 1449 2446 eodem
1482 2409 1611 2447 medio
1643 2421 1722 2446 non
1744 2408 1960 2447 resistente.
2021 2409 2080 2446 Sit
2110 2410 2147 2447 T
2169 2411 2209 2447 R
2240 2423 2351 2448 arcus

1313 2461 1506 2500 circularis
1534 2462 1690 2512 aequalis
1716 2462 1822 2500 arcui
1849 2461 2034 2512 cyc101dis
2061 2469 2077 2499 t
2099 2462 2148 2506 R,
2183 2470 2222 2501 et
2252 2463 2291 2501 R
2313 2464 2350 2501 B

1311 2527 1422 2552 arcus
1439 2515 1556 2566 quam
1574 2514 1760 2553 minimus
1776 2513 1939 2564 cycloidi
1957 2522 1995 2552 et
2012 2515 2157 2553 circulo
2174 2528 2349 2553 commu-

1310 2567 1371 2605 nis
1390 2569 1499 2620 (465.
1524 2569 1613 2608 Lib.
1638 2567 1712 2618 L).
1770 2568 1862 2609 Jam
1890 2568 1922 2605 si
1948 2580 2087 2618 corpus
2105 2581 2127 2606 e
2144 2568 2239 2607 locis
2259 2570 2296 2608 T
2313 2577 2352 2608 et

1317 3371 1354 3411 B
1373 3370 1581 3411 successive
1598 3369 1710 3411 cadat
1735 3372 1776 3410 in
1795 3371 1952 3418 circulo,
1985 3370 2057 3409 erit
2074 3370 2192 3420 ipsius
2210 3369 2349 3407 veloci-

1313 3432 1371 3464 tas
1387 3425 1555 3464 maxima
1580 3425 1623 3462 in
1645 3426 1685 3464 R
1702 3425 1887 3464 descensu
1915 3437 1983 3474 per
2010 3437 2142 3462 arcum
2163 3423 2200 3461 T
2223 3424 2261 3461 R
2286 3436 2351 3460 ac-

1312 3478 1464 3528 quisita,
1484 3478 1532 3517 ad
1551 3478 1788 3516 velocitatem
1808 3478 1992 3516 descensu
2011 3489 2079 3526 per
2096 3488 2227 3514 arcum
2249 3476 2284 3513 B
2309 3476 2349 3513 R

1311 3531 1547 3581 acquisitam,
1570 3539 1614 3569 ut
1632 3531 1774 3570 chorda
1794 3531 1830 3569 T
1851 3531 1893 3568 X
1917 3531 1955 3568 R
1973 3530 2022 3568 ad
2041 3528 2220 3567 chordam
2239 3527 2349 3566 arcus

1316 3584 1356 3622 R
1379 3585 1414 3622 B
1447 3586 1528 3636 (88.
1563 3584 1652 3622 Lib.
1687 3583 1758 3633 1.),
1792 3591 1873 3629 aut,
1906 3582 2010 3634 quod
2041 3581 2144 3619 idem
2174 3589 2230 3619 est
2263 3583 2350 3633 (per

1314 3637 1479 3676 Lemma
1488 3637 1550 3675 VI
1558 3638 1590 3675 1.
1600 3637 1687 3676 Lib.
1703 3636 1770 3687 L),
1787 3644 1831 3674 ut
1844 3634 1984 3674 chorda
2000 3635 2036 3673 T
2051 3635 2086 3671 X
2107 3635 2145 3672 R
2156 3634 2206 3672 ad
2217 3644 2350 3672 arcum
2418 3632 2425 3635 ’

1313 3690 1495 3739 cycloidis
1516 3691 1551 3729 B
1574 3691 1640 3737 R;
1671 3698 1710 3729 et
1736 3689 1914 3727 velocitas
1931 3688 2112 3726 descensu
2132 3700 2199 3735 per
2216 3697 2349 3724 arcum

1317 3743 1353 3781 B
1379 3744 1417 3781 R
1436 3743 1620 3794 acquisita
1638 3743 1679 3780 in
1698 3743 1736 3781 R
1750 3750 1806 3781 est
1819 3741 1868 3780 ad
1887 3741 2122 3778 velocitatem
2141 3741 2350 3777 maximam

1315 3796 1501 3834 descensu
1519 3809 1588 3845 per
1605 3808 1737 3834 arcum
1751 3793 1974 3845 cycloidist
1986 3792 2022 3832 Β
2046 3793 2085 3831 R
2111 3792 2349 3850 acquisitam,

1316 3857 1362 3888 ut
1379 3862 1491 3889 arcus
1511 3850 1547 3889 B
1571 3850 1610 3889 R
1626 3849 1678 3889 ad
1695 3861 1828 3888 arcum
1846 3855 1861 3888 t
1876 3848 1911 3887 B
1929 3848 1967 3887 R
1986 3860 2052 3886 seu
2073 3858 2207 3887 arcum
2218 3844 2351 3885 circuli
