2502 4192
131 264 318 316 mez
346 263 618 325 Samma]
677 257 1078 313 PRINCIPIA
1119 254 1739 310 MATHEMATICA„
2171 265 2277 313 269

128 403 298 455 tudini
311 423 326 465 3
376 411 548 471 partes
593 401 854 453 altissimae
895 401 961 464 A,
1006 400 1067 462 C,
1110 399 1174 462 E,
1215 409 1448 467 tempore
1491 396 1822 448 oscillationis
1867 397 2019 448 unius
2060 399 2279 451 evadent

128 493 338 554 infimae,
386 500 437 542 et
461 500 694 558 tempore
739 489 1068 541 oscillationis
1114 488 1319 539 alterius
1364 487 1536 538 denuo
1580 486 1876 537 ascendent.
1952 486 2119 556 Igitur
2144 490 2278 540 inter

127 581 406 632 transitum
444 579 703 629 undarum
741 578 1061 648 singularum
1098 587 1301 645 tempus
1340 576 1437 628 erit
1472 576 1849 627 oscillationum
1889 575 2137 638 duarum3
2176 578 2277 630 hoc

127 679 219 733 est,
261 668 399 720 unda
436 667 694 718 describet
729 667 1055 718 latitudinem
1092 685 1255 729 suam,
1303 685 1406 736 quo
1443 676 1675 734 tempore
1711 665 2001 734 pendulum
2026 667 2157 718 illud
2193 669 2274 721 bis

124 756 416 816 oscillatur;
457 755 548 806 sed
575 754 758 805 eodem.
783 764 1015 822 tempore
1041 754 1342 822 pendulum,
1384 755 1527 822 cujus
1553 753 1823 823 longitudo
1862 754 2151 824 quadrupla
2176 766 2270 820 est,

1816 844 1885 906 Q.
1914 864 1958 896 e.
1986 845 2018 897 i.

197 942 360 991 Corol.
393 947 437 990 1.
480 939 648 1009 Igitur
667 937 838 999 undae,
868 956 984 1006 quae
1004 936 1161 1005 pedes
1183 936 1496 988 Parisienses
1516 937 1618 999 '31¹5
1643 935 1762 986 latae
1787 944 1922 998 sunt,
1954 936 2016 1004 (⁰)
2038 945 2272 1004 tempore

122 1031 307 1082 minuti
334 1029 485 1081 unius
512 1027 726 1079 secundi
750 1026 1135 1096 progrediendo
1161 1025 1487 1077 latitudinem
1525 1043 1671 1076 suam
1709 1024 2011 1086 conficient3
2052 1025 2273 1096 ideoque

126 1123 191 1191 (Ρ)
220 1131 454 1190 tempore
495 1120 679 1171 minuti
713 1118 865 1170 unius
902 1118 1057 1186 primi
1094 1125 1400 1185 percurrent
1435 1115 1596 1184 pedes
1637 1119 1789 1182 1833,
1841 1124 1892 1166 et
1925 1115 2070 1167 horae
2105 1117 2273 1186 spatio

123 848 344 917 ideoque
369 857 540 917 aequat
564 846 831 897 undarum
848 844 1190 907 latitudinem,
1220 844 1536 895 oscillabitur
1563 844 1738 895 semel.

119 1213 277 1281 podes
306 1220 478 1265 11000
507 1206 916 1282 quamproxime.

193 1307 256 1374 (²¹)
289 1307 451 1357 Corol.
481 1312 529 1356 2.
572 1305 642 1355 Et
665 1302 923 1354 undarum
947 1301 1204 1370 majorum
1228 1299 1310 1351 vel
1335 1283 1596 1350 minorum
1621 1297 1864 1350 velocitas
1891 1297 2169 1368 augebitur
2187 1297 2270 1349 vel

121 1395 439 1446 diminuetur
464 1394 518 1444 in
544 1390 902 1461 subduplicata
929 1390 1128 1441 ratione
1153 1388 1454 1440 latitudinis.

197 1483 335 1534 Haec
361 1483 432 1533 ita
457 1501 511 1533 se
535 1481 730 1532 habent
755 1497 821 1531 ex
844 1477 1121 1548 hypothesi
1161 1476 1300 1547 quod
1325 1486 1497 1545 partes
1524 1494 1673 1546 aquae
1697 1473 1837 1526 recta
1875 1474 2164 1526 ascendunt
2189 1473 2271 1526 vel

118 1570 260 1623 recta
296 1570 643 1630 descendunt3
689 1568 778 1620 sed
817 1586 1058 1618 ascensus
1098 1576 1148 1617 et
1185 1566 1463 1617 descensus
1489 1565 1575 1616 ille
1613 1565 1675 1633 (f)
1703 1563 1872 1615 verius
1899 1563 1960 1614 fit
1983 1582 2079 1631 per
2105 1563 2270 1614 circu·

119 1662 244 1725 lum,
285 1661 506 1730 ideoque
531 1670 734 1728 tempus
759 1657 858 1709 hac
887 1656 1250 1726 Propositione
1283 1674 1390 1707 non
1426 1655 1526 1707 nisi
1564 1652 1958 1725 quamproxime
1996 1654 2270 1706 definitum

116 1769 232 1803 >esse
258 1750 474 1801 affirmo.

124 1911 333 1957 Quoniam,
364 1922 411 1947 ex
430 1907 553 1954 dictis,
582 1906 688 1945 unda
714 1905 901 1956 percurrit
916 1902 1163 1942 latitudinem

119 1978 230 2003 suam
250 1965 287 2002 A
302 1965 334 2002 C
354 1962 415 2000 vel
437 1963 471 2000 B
491 1963 531 1999 D
551 1959 790 1998 interead-um
809 1958 971 1997 altitudo
992 1959 1023 1994 A
1041 1965 1165 1995 trans-

119 2019 242 2056 fertur
258 2017 300 2054 in
325 2017 370 2063 C,
399 2015 460 2064 vel
478 2014 619 2053 cavitas
640 2015 675 2051 B
696 2013 737 2049 in
758 2013 811 2057 D,
840 2011 945 2061 quod
972 2010 1055 2047 fieri
1083 2022 1163 2047 non

119 2079 245 2121 potest
271 2069 344 2107 nisi
372 2082 470 2119 aqua
489 2070 536 2105 ab
554 2066 756 2105 altitudine
785 2064 976 2103 undarum
1006 2063 1163 2100 descen-

120 2125 199 2171 dat,
228 2131 267 2162 et
285 2122 423 2161 deinde
442 2122 490 2159 ad
509 2120 671 2159 eandem
698 2118 942 2157 altitudinem
969 2115 1160 2162 ascendat,

120 2185 160 2216 et
183 2178 274 2228 quia
300 2175 440 2214 cavitas
466 2187 554 2225 quae
582 2181 637 2211 est
665 2171 766 2209 infra¹
797 2184 907 2221 aquae
935 2169 1165 2220 quiescentis

121 2230 362 2279 superficiem
380 2241 497 2279 quam
516 2228 556 2264 in
576 2224 702 2277 figura
720 2226 873 2264 exhibet
890 2223 992 2261 linea
1010 2222 1164 2272 punctis

120 2284 310 2328 distincta,
330 2290 387 2320 est
405 2281 554 2319 circiter
572 2279 728 2330 aequalis
747 2277 949 2315 elevationi
969 2289 1079 2325 aquae
1098 2289 1161 2312 su-

120 2337 189 2387 pra
206 2335 367 2374 eandem
387 2334 629 2383 superficiem
643 2345 731 2383 quae
749 2339 807 2377 est
825 2330 1026 2380 aequilibrii
1042 2328 1161 2374 locus,

121 2398 226 2439 patet
254 2387 369 2441 (313)
396 2388 513 2426 totius
531 2399 641 2437 aquae
659 2384 859 2423 movendae
878 2381 1163 2440 longitudinem

121 2443 311 2493 aequalem
331 2454 413 2479 esse
432 2439 666 2491 longitudini
687 2437 857 2477 cavitatis
871 2435 930 2473 vel
943 2434 1164 2473 elevationis

121 2509 232 2547 aquae
259 2493 360 2533 infra
377 2494 438 2532 vel
456 2492 572 2543 supra
589 2493 719 2530 locum
735 2491 848 2528 illum
876 2488 1089 2539 aequilibrii,
1119 2501 1163 2526 ac

121 2548 283 2598 proinde
301 2561 391 2591 cum
407 2546 610 2597 longitudo
628 2544 798 2584 cavitatis
813 2543 872 2580 vel
883 2542 1104 2580 elevationis
1116 2540 1160 2577 il-

121 2602 199 2640 lius
210 2601 367 2652 aequalis
379 2601 427 2638 sit
438 2600 627 2638 distantiae
644 2600 681 2637 A
699 2599 748 2644 B,
762 2597 823 2635 vel
838 2597 872 2634 B
890 2597 934 2641 C,
946 2594 1161 2644 pendulum

121 2656 233 2707 cujus
261 2654 466 2705 longitudo
492 2661 549 2691 est
580 2653 609 2704 -ξ
632 2652 669 2690 Α
703 2653 737 2690 Β
767 2650 826 2688 vel
858 2649 885 2700 v}
908 2650 942 2686 Β
967 2649 1012 2694 C,
1047 2647 1165 2685 semel

122 2708 357 2746 oscillabitur
375 2720 421 2745 eo
438 2715 609 2755 tempore
627 2718 705 2756 quo
723 2716 822 2754 aqua
835 2701 1017 2748 ascendit,
1038 2708 1074 2738 et
1093 2701 1164 2738 ite-

123 2774 211 2799 rum
251 2759 496 2805 oscillabitur,
543 2758 783 2796 intereadum
828 2768 928 2806 aqua
967 2753 1164 2792 descendit

126 2814 256 2867 (313.)
291 2822 405 2863 atque
436 2812 489 2850 ita
516 2812 750 2849 oscillabitur
784 2809 843 2847 bis
879 2821 956 2858 quo
992 2815 1164 2856 tempore

123 2868 230 2906 unda
248 2866 426 2905 describit
444 2864 688 2903 latitudinem
704 2875 826 2901 suam.
875 2860 1072 2906 Quoniam
1091 2860 1164 2910 igi.

123 2927 189 2958 tur
215 2919 367 2957 numeri
393 2918 678 2957 oscillationum
705 2929 800 2967 quas
828 2913 999 2964 pendula
1027 2912 1163 2950 eodem

124 2981 296 3022 tempore
323 2979 524 3022 peragunt,
555 2978 647 3008 sunt
672 2970 714 3007 in
733 2969 879 3007 ratione
898 2964 1166 3015 subduplicata

124 3025 379 3075 longitudinis
398 3024 655 3073 pendulorum
674 3021 823 3061 inverse
854 3023 962 3072 (474.
990 3019 1075 3057 Lib.
1103 3018 1161 3067 I.)

125 3078 341 3128 pendulum
369 3077 482 3127 cujus
507 3075 713 3127 longitudo
731 3083 787 3113 est
811 3076 846 3112 A
871 3075 906 3112 B
930 3074 961 3111 C
987 3073 1038 3116 D,
1069 3085 1164 3123 qua-

125 3132 263 3181 drupla
281 3130 534 3182 longitudinis
551 3130 577 3180 ᾗ
593 3130 630 3167 A
647 3130 682 3167 B
703 3128 822 3166 semel
839 3125 1073 3167 oscillabitur
1087 3137 1166 3175 quo

125 3193 297 3234 tempore
323 3183 429 3222 unda
448 3182 690 3221 latitudinem
718 3194 828 3219 suam
855 3179 1051 3230 percurrit.
1113 3178 1165 3215 In

125 3237 242 3275 undis
267 3235 359 3275 vero
385 3236 582 3274 latioribus
609 3248 696 3286 quae
721 3233 836 3273 altius
855 3245 935 3271 non
955 3233 1163 3276 elevantur,

124 3291 227 3328 linea
243 3302 360 3327 curva
382 3290 419 3327 A
437 3291 467 3326 B
486 3290 532 3335 C,
553 3289 616 3326 vix
634 3288 761 3326 differt
779 3301 801 3325 a
819 3284 923 3325 recta
945 3286 981 3323 A
1003 3286 1047 3330 C,
1078 3296 1166 3334 quae

126 3351 184 3381 est
202 3342 320 3380 undae
339 3341 513 3386 latitudo,
544 3349 583 3380 et
600 3339 801 3391 propterea
820 3340 859 3377 in
880 3352 926 3378 eo
945 3351 1036 3376 casu
1063 3337 1169 3375 unda

1220 1903 1395 2006 L·{)⁰)I*)
1417 1905 1600 1954 Tempore
1629 1904 1771 1942 minuti
1801 1904 1921 1942 unius
1952 1904 2113 1942 secundi
2151 1904 2263 1955 (471.

1258 1970 1270 1994 1
1299 1984 1309 1994 .
1361 1983 1369 1994 .
1399 1983 1410 1994 .

1272 2044 1327 2097 (Ρ)
1365 2046 1385 2069 ³¹⁵
1426 2046 1607 2093 Tempore
1639 2044 1780 2081 minuti
1814 2044 1933 2081 unius
1964 2043 2096 2091 primi.
2160 2042 2266 2087 Quia

1222 2097 1417 2135 undarum
1458 2096 1558 2134 datae
1594 2095 1809 2134 latitudinis
1845 2094 2025 2133 velocitas
2063 2096 2263 2146 aequabilis

1217 2170 1274 2200 est
1294 2165 1360 2214 (ex
1376 2161 1513 2211 dem.).
1565 2161 1604 2199 Si
1620 2159 1738 2198 undae
1756 2159 1923 2197 latitudo
1941 2159 2030 2197 data
2043 2160 2130 2208 ped.
2153 2150 2262 2215 5T¹33-‚

1216 2228 1382 2267 ducatur
1408 2228 1450 2265 in
1477 2236 1630 2276 tempus
1659 2226 1743 2273 60'',
1778 2227 1925 2264 factum
1947 2214 2055 2276 1813·ss-
2075 2224 2162 2273 ped.
2193 2226 2266 2263 erit

1216 2282 1384 2331 spatium
1402 2281 1510 2331 quod
1526 2280 1634 2318 unda
1652 2288 1824 2328 tempore
1842 2280 1984 2318 minuti
2004 2279 2121 2317 unius
2148 2278 2264 2326 primi

1217 2349 1286 2373 seu
1322 2335 1564 2372 minutorum
1605 2334 1864 2372 secundorum
1903 2339 1966 2377 60,
2010 2331 2190 2370 describit
2225 2339 2265 2370 et

1217 2401 1335 2439 ducto
1353 2414 1486 2454 rursus
1503 2401 1577 2437 hoc
1597 2412 1761 2437 numero
1785 2386 1890 2448 183ss
1913 2398 1952 2434 in
1974 2396 2047 2442 60‘,
2076 2394 2263 2444 produce-

1216 2462 1280 2493 tur
1298 2455 1465 2504 spatium
1488 2458 1615 2491 11000
1626 2452 1713 2502 ped.
1733 2451 1837 2503 quod
1851 2451 1959 2489 unda
1971 2457 2143 2499 tempore
2154 2449 2261 2486 horae

1215 2509 1333 2546 unius
1352 2507 1517 2546 conficit.

1271 2598 1328 2651 (q)
1348 2602 1367 2622 '⁶
1388 2600 1508 2638 carol.
1535 2602 1571 2635 2.
1619 2596 1825 2635 Undarum
1853 2594 2071 2633 velocitates
2098 2599 2189 2630 sunt
2216 2599 2263 2630 ut

1218 2651 1440 2690 earumdem
1459 2649 1682 2689 latitudines
1700 2647 1843 2687 directe
1862 2657 1900 2686 et
1917 2656 2091 2695 tempora
2121 2645 2262 2695 quibus

1217 2705 1443 2743 latitudines
1461 2704 1546 2741 illas
1564 2709 1793 2752 percurrunt
1819 2699 1966 2738 inverse
1987 2702 2042 2751 (5.
2068 2698 2155 2736 Lib.
2183 2698 2255 2743 L).

1220 2759 1294 2797 Sed
1313 2766 1484 2806 tempora
1502 2757 1569 2794 illa
1587 2764 1678 2794 sunt
1696 2756 1736 2793 in
1756 2751 2022 2803 subduplicata
2039 2752 2186 2789 ratione
2204 2750 2261 2789 la-

1216 2811 1430 2850 titudinum
1457 2810 1652 2849 undarum
1670 2821 1740 2848 seu
1758 2806 2049 2861 longitudinum
2069 2806 2261 2856 pendulo-

1217 2878 1304 2902 rum
1323 2878 1411 2915 quae
1430 2877 1475 2902 eo
1493 2872 1664 2912 tempore
1682 2877 1760 2913 quo
1779 2863 1896 2901 undae
1924 2860 2145 2900 latitudines
2172 2872 2262 2897 suas

1218 2918 1449 2964 describunt,
1488 2917 1607 2955 semel
1639 2917 1864 2955 oscillantur
1903 2918 2013 2968 (472.
2055 2914 2144 2952 Lib.
2182 2912 2256 2962 Ι.).

1222 2971 1428 3009 Undarum
1445 2971 1566 3021 igitur
1584 2971 1802 3008 velocitates
1821 2976 1912 3007 sunt
1929 2969 1970 3005 in
1988 2967 2135 3005 ratione
2153 2978 2260 3003 com-

1219 3025 1339 3074 posita
1359 3038 1404 3062 ex
1424 3024 1569 3062 ratione
1596 3023 1848 3061 latitudinum
1877 3020 2020 3059 directe
2048 3027 2087 3057 et
2112 3019 2261 3057 ratione

1217 3076 1486 3127 subduplicata
1525 3076 1748 3115 earumdem
1799 3075 2051 3113 latitudinum
2095 3070 2258 3119 inverse,

1218 3130 1382 3223 {ideoque
1401 3130 1547 3169 suntin
1559 3130 1705 3169 ratione
1724 3125 1995 3178 subduplicatii
2009 3125 2260 3165 latitudinum

1246 3184 1371 3224 trecte-

1275 3280 1329 3332 (¹)
1352 3283 1373 3305 *⁸
1404 3281 1534 3317 Verius
1548 3280 1602 3339 fit
1626 3290 1696 3327 per
1715 3277 1915 3321 circulum,
1944 3285 2012 3311 seu
2031 3283 2099 3321 per
2124 3282 2260 3310 arcum

1221 3333 1476 3372 curvilineum
1495 3344 1562 3380 qui
1580 3330 1705 3380 magis
1732 3328 1879 3367 accedit
1896 3327 1945 3365 ad
1963 3326 2129 3377 figuram
2148 3322 2259 3362 arcus

126 3395 369 3433 latitudinem
378 3407 489 3433 suam
500 3394 692 3439 describit,
702 3392 943 3432 intereadum
955 3390 1171 3441 pendulum
1222 3386 1417 3425 circularis
1439 3384 1557 3435 quam
1576 3383 1626 3421 ad
1644 3383 1810 3434 figuram
1837 3380 1980 3419 canalis
2005 3376 2192 3417 rectilinei
2217 3375 2260 3414 in

124 3450 236 3501 cujus
254 3447 457 3500 longitudo
475 3454 533 3486 est
557 3454 662 3486 recta
681 3447 721 3486 A
744 3447 790 3493 C,
819 3444 939 3485 semel
956 3443 1164 3484 oscinatur.

1224 3454 1302 3492 quo
1321 3452 1432 3492 aqua,
1452 3436 1558 3477 recta
1576 3435 1748 3476 ascendit
1760 3442 1799 3474 et
1816 3432 2023 3474 descendit.
