2502 4192
145 258 331 311 me
356 258 628 320 SECUND]
684 255 1087 309 PRINCIPIA
1128 257 1746 309 MATHEMATICA.
2192 265 2295 315 267

143 402 349 465 canaliS,
379 402 465 453 hic
484 419 591 452 non
618 401 908 453 considero,
948 400 1245 472 Designent
1269 401 1428 471 igitur
1445 401 1495 452 A
1515 401 1577 462 B,
1605 401 1649 453 C
1667 401 1722 453 D
1738 400 2054 453 mediocrem
2071 401 2297 454 altitudi—

141 510 261 543 nem
282 509 430 561 aquae
446 492 499 541 in
521 509 670 542 crure
688 501 940 560 utroque3
968 500 1020 541 et
1045 490 1136 541 ubi
1161 509 1295 559 aqua
1318 490 1372 540 in
1393 508 1542 540 crure
1572 490 1624 540 K
1646 489 1694 541 L
1721 489 1952 541 ascendit
1977 489 2045 540 ad
2070 490 2297 542 altitudi-

138 599 261 632 nem
283 581 329 631 E
346 581 404 642 F,
424 579 750 631 descenderit
770 599 903 650 aqua
921 579 975 629 in
994 597 1146 630 crure
1170 579 1233 631 M
1253 580 1306 630 N
1322 579 1388 631 ad
1405 578 1732 630 altitudinem
1754 579 1806 631 G
1828 579 1904 630 H.
1962 579 2040 631 Sit
2058 589 2231 631 autem
2250 581 2295 632 P

137 690 325 739 corpus
351 671 655 738 pendulum,
686 671 737 721 V
760 670 804 721 P
828 669 991 731 filum,
1032 670 1082 719 V
1107 679 1359 736 punctum
1388 668 1757 736 suspensionis,
1803 668 1853 719 R
1882 668 1927 719 P
1955 668 2008 729 Q
2038 670 2074 720 S
2101 668 2293 737 cyclois

136 778 292 829 quam
316 759 602 827 pendulum
629 758 902 820 describat,
938 758 983 808 P
1008 758 1116 826 ejus
1143 768 1394 825 punctum
1419 757 1675 820 infimum,
1709 758 1752 809 P
1780 758 1834 819 Q
1859 775 2008 808 arcus
2034 758 2293 809 altitudini

136 850 187 901 A
217 850 263 901 E
290 849 517 919 aequalis.
594 848 704 911 Vis,
746 847 846 917 qua
874 858 1043 898 motus
1070 865 1218 916 aquae
1244 846 1458 897 alternis
1485 847 1682 897 vicibus
1710 847 2029 898 acceleratur
2054 857 2105 899 et
2129 859 2291 899 retar-

132 940 300 1003 datur,
343 949 421 990 est
447 956 687 990 excessus
713 936 960 1005 ponderis
987 953 1136 1005 aquae
1162 935 1216 985 in
1242 934 1491 986 alterutro
1517 953 1667 986 crure
1695 954 1854 1003 supra
1877 935 2085 1003 pondus
2122 936 2178 986 in
2215 937 2289 988 al-

128 1044 259 1096 ter0,
288 1032 527 1102 ideoque,
569 1030 657 1082 ubi
684 1049 817 1100 aqua
841 1030 896 1079 in
923 1047 1073 1081 crure
1103 1028 1155 1080 K
1183 1028 1232 1081 L
1257 1027 1489 1081 ascendit
1515 1026 1584 1079 ad
1613 1027 1660 1079 E
1689 1027 1749 1091 F,
1790 1037 1843 1079 et
1868 1027 1920 1078 in
1950 1046 2102 1080 crure
2127 1028 2290 1080 altero

774 1223 838 1267 V

118 2053 387 2118 descendit
411 2055 478 2107 ad
506 2051 559 2108 G
588 2051 666 2116 H,
711 2054 763 2125 (ἰ)
793 2056 868 2107 vis
894 2054 983 2107 illa
1008 2064 1084 2107 est
1110 2056 1316 2125 pondus
1355 2055 1675 2125 duplicatum
1714 2072 1862 2126 aquae
1892 2057 1940 2109 E
1969 2056 2017 2109 A
2051 2057 2097 2108 B
2129 2055 2188 2119 F,
2232 2065 2286 2107 et

116 2152 393 2215 propterea
418 2156 495 2198 est
520 2146 586 2197 ad
612 2147 818 2221 pondus
845 2167 995 2217 aquae
1021 2148 1177 2199 totius
1203 2158 1261 2200 ut
1286 2149 1340 2200 A
1360 2149 1408 2200 E
1434 2168 1524 2200 seu
1553 2149 1597 2200 P
1616 2149 1670 2210 Q
1697 2148 1758 2217 (¹⁵)
1788 2149 1856 2200 ad
1881 2150 1933 2201 V
1955 2149 2000 2200 P
2028 2168 2120 2200 seu
2140 2148 2185 2199 P
2216 2148 2283 2198 R.

118 2237 213 2289 Vis
252 2238 420 2301 etiam,
465 2239 565 2308 qua
604 2239 809 2308 pondus
852 2240 896 2291 P
932 2240 987 2291 in
1024 2240 1142 2291 loco
1180 2241 1360 2310 quovis
1389 2241 1442 2302 Q
1468 2240 1787 2292 acceleratur
1812 2250 1865 2292 et
1890 2240 2190 2292 retardatur
2227 2238 2284 2288 in

118 2327 350 2397 cycloide
380 2331 495 2396 (per
525 2327 706 2379 Corol.
738 2329 896 2397 Prop.
924 2329 1043 2395 LI.)
1072 2339 1150 2380 est
1176 2329 1242 2380 ad
1270 2330 1378 2398 ejus
1404 2330 1611 2398 pondus
1637 2339 1822 2392 totum,
1863 2339 1922 2381 ut
1948 2331 2058 2398 ejus
2085 2329 2283 2380 distan—

115 2417 187 2467 tia
215 2416 260 2468 P
288 2417 341 2478 Q
367 2435 396 2467 a
422 2416 537 2467 loco
563 2416 745 2467 infimo
775 2417 834 2479 P,
864 2417 930 2468 ad
956 2416 1203 2487 cycloidis
1230 2418 1609 2488 longitudinem
1637 2418 1683 2470 P
1712 2419 1778 2470 R.
1859 2419 2038 2480 Quare
2058 2436 2209 2487 aquae
2230 2428 2281 2468 et

117 2508 352 2576 penduli,
394 2508 614 2577 aequalia
651 2508 817 2577 spatia
843 2509 894 2560 A
921 2509 984 2571 Ε,
1019 2509 1062 2560 Ρ
1092 2510 1145 2571 Q
1172 2508 1592 2572 describentium,
1636 2509 1769 2560 vires
1795 2509 2037 2560 motrices
2066 2518 2187 2559 sunt
2225 2518 2283 2559 ut

115 2599 349 2667 pondera
375 2601 660 2662 movenda3
690 2600 742 2670 (¹)
771 2600 1009 2671 ideoque,
1040 2602 1082 2652 si
1108 2620 1241 2670 aqua
1261 2610 1311 2651 et
1329 2600 1619 2668 pendulum
1638 2600 1692 2650 in
1707 2600 1965 2668 principio
1986 2600 2277 2669 quiescunt,

117 2691 253 2742 vires
281 2691 384 2742 illae
409 2692 693 2743 movebunt
727 2692 909 2744 eadem
945 2692 1213 2762 aequaliter
1251 2691 1570 2759 temporibus
1608 2690 1911 2761 aequalibus,
1955 2690 2279 2760 efficientque

115 2790 175 2831 ut
199 2790 345 2831 motu
372 2781 640 2849 reciproco
667 2780 820 2832 simul
846 2791 965 2832 eant
990 2791 1042 2832 et
1067 2764 1297 2832 redeant.
1377 2780 1446 2840 Q.
1474 2799 1518 2831 e.
1547 2779 1598 2831 d.

196 2870 360 2920 Corol.
395 2876 438 2919 1.
481 2869 651 2939 Igitur
676 2888 824 2938 aquae
850 2869 1175 2920 ascendentis
1203 2878 1252 2919 et
1279 2868 1657 2931 descendentis,
1699 2865 1804 2920 sive
1829 2878 2001 2920 motus
2026 2867 2277 2920 intensior

116 2957 181 3008 sit
207 2956 311 3007 sive
337 2957 615 3019 remissior,
644 2957 780 3009 vices
810 2976 989 3009 omnes
1017 2968 1137 3009 sunt
1160 2954 1468 3009 isochronae.

191 3049 354 3101 Corol.
383 3055 432 3100 2.
473 3049 529 3101 Si
554 3048 826 3120 longitudo
852 3067 1001 3119 aquae
1025 3048 1184 3101 totius
1210 3049 1264 3100 in
1291 3049 1456 3100 canali
1481 3049 1548 3100 sit
1572 3046 1767 3117 pedum
1808 3046 2162 3100 Parisiensum
2190 3050 2285 3115 δὲ..

169 3223 219 3276 (ἰ)
243 3227 263 3250 *“
295 3227 354 3264 Vis
373 3227 438 3264 illa
458 3234 512 3265 est
526 3229 677 3276 pondus
696 3228 953 3276 duplicatum,
973 3226 1043 3264 &c.
1098 3224 1173 3264 Est
1226 3233 1264 3265 et
1282 3225 1322 3263 in
1343 3223 1513 3276 cycloide
1533 3231 1736 3275 aequantur
1762 3220 1982 3273 respective.
2042 3225 2117 3263 Sed
2146 3226 2273 3264 obser-

115 3277 220 3314 enim
242 3277 298 3315 vis
316 3277 384 3315 illa
401 3278 554 3327 pondus
572 3287 651 3317 tam
672 3293 783 3331 aquae
806 3280 843 3324 E
869 3280 906 3317 A
931 3280 966 3317 B
988 3279 1032 3325 F,
1053 3290 1172 3330 quam
1227 3279 1396 3317 vandum
1417 3287 1474 3316 est
1491 3278 1729 3326 superficiem
1756 3280 1793 3315 A
1814 3279 1863 3323 B,
1885 3291 1966 3316 esse
1981 3278 2108 3316 locum
2125 3279 2273 3329 aequili-

121 3343 231 3379 aquae
252 3332 412 3381 aequalis
436 3332 468 3370 C
494 3333 530 3369 G
555 3332 598 3369 H
624 3334 676 3370 D.
1224 3332 1311 3378 larii,
1334 3331 1382 3369 ad
1402 3344 1517 3382 quem
1538 3345 1627 3369 cum
1647 3344 1746 3381 aqua
1763 3331 1946 3382 pervenit,
1978 3331 2087 3369 nulla
2107 3330 2273 3380 amplius

171 3382 229 3434 (¹²)
253 3387 274 3408 ’¹‘
298 3386 363 3422 Ad
393 3386 426 3422 V
443 3388 480 3423 P
498 3399 564 3423 seu
586 3388 623 3423 P
641 3388 694 3423 R.
757 3385 1023 3435 Semi-cyclois
1054 3385 1089 3422 P
1106 3381 1164 3431 R,
1222 3386 1259 3422 vi
1290 3384 1553 3422 acceleratrice
1585 3390 1757 3435 urgetur,
1792 3384 1858 3422 sed
1891 3384 2091 3422 velocitate
2118 3393 2271 3423 tantum

116 3437 275 3486 aequalis
293 3444 350 3474 est
368 3437 602 3487 longitudini
623 3438 798 3486 penduli,
823 3441 910 3491 (per
933 3439 1021 3477 Cor.
1045 3438 1162 3487 Prop.
1220 3436 1407 3488 acquisita
1434 3437 1596 3475 ulterius
1622 3436 1820 3475 descendit
1847 3437 1905 3475 vel
1934 3439 2128 3485 ascendit;
2159 3437 2298 3475 sicuti·

117 3489 165 3526 L.
194 3490 279 3527 Lib.
310 3490 380 3539 L).
1224 3504 1364 3539 corpus
1391 3489 1606 3538 pendulum
1630 3491 1664 3528 P
1683 3490 1778 3528 dum
1805 3492 1978 3539 pervenit
1996 3489 2034 3528 in
2056 3491 2185 3536 locum
2205 3502 2271 3540 cy-

97 3560 99 3563 ·
169 3542 217 3594 (¹)
241 3548 329 3581 813.
367 3544 387 3566 *
412 3543 588 3593 Ide6que,
609 3545 641 3582 si
658 3558 761 3594 aqua
785 3552 820 3583 et
834 3547 1063 3594 pendulum,
1095 3546 1164 3582 διε.
1224 3544 1358 3582 cloidis
1375 3543 1556 3582 infimum
1579 3544 1613 3581 P
1640 3543 1721 3581 sola
1749 3543 1947 3582 velocitate
1975 3543 2158 3594 acquisita
2185 3544 2269 3581 mo.
2296 3547 2317 3575 ’γ

117 3593 168 3632 Id
198 3596 532 3634 evidentissimum
560 3596 604 3633 fit
636 3596 667 3633 si
697 3598 849 3645 pondus
881 3598 915 3635 P
942 3597 1059 3647 quod,
1087 3610 1170 3635 ma·
1224 3605 1344 3634 vetur.
1418 3596 1535 3635 Unde
1571 3609 1649 3646 quo
1688 3604 1860 3646 tempore
1900 3610 2000 3647 aqua
2040 3596 2267 3635 descensum

114 3656 232 3685 nente
259 3648 511 3686 oscillationis
530 3649 648 3686 unius
666 3657 839 3697 tempore
859 3657 981 3698 potest
1001 3649 1050 3687 ad
1068 3650 1167 3688 arbi·
1227 3662 1351 3688 unum
1379 3649 1540 3687 absolvit
1558 3649 1598 3686 in
1618 3662 1728 3688 crure
1746 3650 1930 3688 alterutro
1947 3650 2101 3695 canalis,
2131 3650 2268 3688 eodem

114 3700 233 3738 trium
272 3702 429 3747 assumi,
470 3702 643 3750 capiatur
679 3702 828 3751 aequale
863 3700 1024 3751 ponderi
1057 3715 1169 3753 aquae
1222 3708 1394 3751 tempore
1418 3702 1635 3751 pendulum
1654 3703 1931 3747 oscillationem
1958 3715 2077 3740 unam
2105 3716 2152 3741 ex
2181 3702 2267 3741 des-

116 3754 236 3792 totius
255 3753 294 3791 in
317 3755 466 3802 canali;
488 3754 571 3793 tum
593 3754 696 3793 enim
709 3757 808 3793 vires
826 3756 1016 3801 motrices,
1034 3768 1169 3794 massae
1223 3768 1339 3794 censu
1360 3763 1398 3793 et
1416 3768 1576 3794 ascensu
1596 3756 1846 3805 compositam
1866 3746 2025 3804 perficit,
2054 3755 2151 3794 duas
2178 3755 2267 3795 ver&

117 3806 330 3853 movendae,
352 3815 391 3845 et
408 3808 528 3857 spatia
546 3807 807 3854 describenda,
828 3806 992 3859 ide6que
1010 3816 1048 3848 et
1066 3817 1164 3847 tem·
1220 3808 1474 3847 oscillationes
1501 3809 1662 3847 absolvit
1687 3809 1929 3847 intereadum
1954 3810 2055 3860 aqua
2072 3822 2093 3847 e
2113 3810 2197 3848 loco
2228 3810 2265 3849 E

28 3882 36 3886 -
58 3848 60 3850 ¹
111 3870 204 3907 pora
235 3860 375 3910 quibus
416 3861 536 3911 spatia
564 3861 631 3899 illa
661 3860 941 3907 describuntur,
971 3860 1013 3900 in
1040 3861 1165 3901 canali
1219 3862 1417 3903 descendit
1435 3872 1473 3902 et
1490 3862 1537 3909 ad
1558 3862 1727 3902 eundem
1745 3861 1857 3902 redit.
