2502 4192
615 168 623 196 Ι

122 261 305 311 Lmen
325 261 595 322 Securum]
649 257 1051 309 PRINCIPIA
1092 254 1709 309 MATHEMATICA.

126 404 163 442 E
183 405 220 441 G
240 403 517 451 comprirnitur,
531 409 587 439 est
599 402 650 453 ad
662 403 813 451 pondus
825 401 977 439 lineolae
995 402 1031 438 E
1049 402 1100 446 G,
1125 408 1167 438 ut

122 459 160 493 A
174 457 221 494 ad
237 457 272 493 E
294 457 344 501 G,
365 453 538 505 adeoque
554 468 599 492 ex
618 469 739 505 aequo,
757 455 813 491 vis
825 454 904 504 qua
916 454 1056 492 lineola
1073 455 1109 491 E
1128 455 1163 491 G

121 509 163 546 in
179 510 344 558 singulis
355 511 506 556 punctis
518 516 690 558 urgetur,
704 516 761 545 est
778 508 827 544 ad
846 509 928 556 ejus
942 507 1106 556 pondus,
1124 514 1167 545 ut

127 563 164 600 O
185 563 268 607 R><
283 564 315 598 A
333 561 382 599 ad
399 561 436 598 E
459 563 493 599 G
516 567 556 607 ><
580 561 629 605 V,
644 574 712 598 seu
729 569 772 598 ut
787 561 1163 608 semi-parameterin

125 617 176 659 A,
193 615 242 652 ad
259 615 296 651 V
312 615 427 664 V(est
439 614 542 651 enim
562 615 598 652 Ο
620 615 657 652 R
670 614 717 650 ad
741 614 777 651 E
803 614 839 651 G
856 623 900 650 ut
918 614 953 650 Τ
968 621 983 649 t
1001 613 1049 650 ad
1065 614 1099 650 B
1119 613 1164 657 C,

120 676 235 718 atque
251 666 337 704 ideo
355 675 400 703 ut
418 667 745 714 semi-parameter
763 665 812 703 ad
831 667 885 714 V)
909 666 964 702 vel
983 674 1026 702 ut
1045 671 1068 703 8
1088 666 1122 703 P
1138 666 1165 703 S

125 726 166 766 ><
178 722 210 757 A
227 721 274 757 ad
292 721 326 757 B
350 720 383 757 C
397 722 429 765 2,
451 724 499 756 ob
518 721 553 755 V
569 733 592 770 q
607 720 656 757 ad
679 720 713 758 B
731 721 762 757 C
778 732 802 769 q
816 726 860 756 ut
874 719 1161 766 semi-parame-

120 775 172 811 tri
194 773 421 823 quadratum
442 773 489 809 ud
508 773 544 811 T
557 782 571 810 t
589 772 702 823 quad.
723 775 855 824 (atque
873 770 962 808 ideo
980 779 1024 808 ut
1041 775 1065 808 8
1083 771 1117 809 P
1138 772 1165 809 S

120 827 170 864 ad
188 826 295 863 semi·
304 826 596 875 parametrum.)
630 826 763 869 Quare
777 825 867 862 cum
886 831 1058 871 tempora
1073 823 1158 874 qui-

119 881 192 916 bus
210 878 371 929 aequalia
390 891 547 927 corpora
563 891 629 926 per
641 878 803 928 aequalia
817 877 938 925 spatia
949 877 1155 924 impellun-

119 940 195 978 tur,
215 933 290 968 sint
304 931 496 980 reciproce
509 932 551 967 in
566 931 834 979 subduplicata
847 930 994 967 ratione
1007 931 1157 975 virium,

120 986 191 1023 erit
227 993 379 1032 tempus
414 984 634 1021 vibrationis
668 985 797 1029 unius,
830 991 994 1032 urgente
1026 983 1061 1020 vi
1090 982 1158 1020 illa

120 1037 286 1083 elastica,
315 1037 364 1075 ad
383 1044 534 1085 tempus
561 1038 677 1074 unius
696 1035 916 1074 vibrationis
935 1043 1098 1084 urgente
1118 1036 1154 1071 vi

119 1090 310 1139 ponderis,
333 1091 373 1126 in
392 1089 657 1138 subduplicata
675 1089 820 1126 ratione
843 1090 877 1126 B
895 1089 926 1127 C
941 1090 960 1110 ²
972 1088 1021 1125 ad
1041 1093 1063 1125 8
1082 1088 1117 1126 P
1133 1088 1159 1126 S

125 1149 168 1191 χ
204 1144 255 1180 A.
319 1148 448 1193 Atque
483 1141 580 1180 adeo
608 1142 658 1179 ad
689 1150 842 1190 tempus
873 1140 1076 1178 descensus
1102 1152 1149 1177 ex

119 1195 323 1233 altitudine
343 1195 368 1246 ὲ
391 1198 440 1241 A,
461 1195 502 1232 in
521 1195 785 1243 subduplicata
803 1194 949 1232 ratione
974 1195 1006 1231 B
1027 1194 1058 1231 C
1071 1196 1090 1217 2
1106 1193 1155 1231 ad

120 1253 144 1285 8
161 1249 195 1286 Ρ
217 1249 243 1286 S
265 1253 307 1295 ><
342 1253 373 1285 A
395 1257 431 1286 et
450 1248 715 1296 subduplicata
733 1249 879 1285 ratione
899 1252 921 1284 8
938 1247 973 1285 Ρ
991 1248 1017 1284 S
1035 1247 1084 1284 ad
1103 1249 1154 1292 A,

119 1303 193 1339 hoc
212 1311 269 1339 est
287 1307 325 1337 iu
347 1302 490 1338 ratione
510 1302 658 1351 integra
680 1301 714 1338 B
739 1302 770 1338 C
789 1301 837 1337 ad
862 1302 914 1337 A.
966 1300 1041 1337 Sed
1060 1310 1156 1337 tem-

122 1367 215 1402 pore
236 1355 351 1391 unius
371 1354 588 1391 vibrationis
606 1353 741 1402 pulsus
768 1351 1046 1402 progrediendo
1064 1366 1155 1391 con-

124 1408 204 1445 ficit
223 1407 464 1444 latitudinem
484 1420 593 1443 suam
617 1408 651 1444 B
676 1408 719 1445 C.
781 1407 890 1456 Ergo
909 1413 1061 1454 tempus
1078 1419 1156 1456 quo

119 1461 255 1508 pulsus
292 1460 479 1508 percurrit
514 1460 678 1508 spatium
715 1460 749 1497 Β
781 1460 812 1497 C
842 1466 898 1495 est
925 1460 974 1495 ad
1004 1466 1156 1507 tempus

119 1513 322 1550 descensus
337 1526 381 1550 ex
397 1513 599 1550 altitudine
612 1512 639 1563 ᾗ
654 1516 705 1558 A,
723 1520 766 1550 ut
784 1513 818 1549 Β
839 1513 870 1550 C
885 1512 934 1549 ad
956 1514 1003 1549 A.
1038 1513 1155 1550 Tem-

121 1578 194 1614 pus
221 1575 352 1603 autem
378 1578 456 1615 quo
483 1565 616 1614 pulsus
643 1565 830 1614 percurrit
856 1565 1021 1612 spatium
1047 1568 1082 1602 A
1103 1573 1159 1602 est

120 1619 170 1656 ad
189 1627 340 1667 tempus
358 1631 435 1668 quo
454 1618 639 1666 percurrit
657 1618 823 1666 spatium
852 1618 885 1655 B
911 1618 956 1663 C,
987 1624 1031 1654 ut
1053 1620 1089 1654 A
1109 1618 1156 1655 ad

125 1672 160 1709 B
186 1673 231 1717 C,
254 1669 427 1721 adeoque
446 1670 592 1721 aequale
612 1670 774 1719 tempori
791 1670 996 1708 descensus
1006 1681 1051 1707 ex
1072 1670 1157 1708 alti-

120 1724 256 1762 tudine
276 1725 303 1775 {
331 1726 379 1761 A.

177 1776 259 1815 Hic
283 1776 506 1821 notandum,
528 1776 633 1826 quod
651 1776 815 1815 absurda
833 1776 893 1823 sit,
914 1783 952 1814 et
969 1775 1079 1814 facile
1098 1789 1157 1814 re-

120 1830 281 1868 futanda
310 1830 528 1878 hypothesis
555 1829 618 1866 hic
646 1839 851 1878 assumpta,
887 1830 991 1879 quod
1019 1842 1157 1879 nempe

119 1884 256 1931 pulsus
293 1890 535 1933 propagetur,
581 1882 779 1930 particulis
815 1884 994 1920 euntibus
1029 1890 1068 1920 et
1098 1896 1156 1921 re-

119 1937 327 1974 deuntibus
345 1949 413 1984 pro
432 1936 517 1987 iege
535 1936 661 1986 gravis
688 1935 925 1973 ascendentis
943 1944 981 1973 et
999 1935 1153 1973 descen-

118 1989 255 2026 dentis.
317 1987 467 2026 Verum
496 1988 534 2025 id
561 1988 686 2037 ipsum
715 1996 771 2026 est
797 1989 901 2038 quod
920 1988 1156 2026 demonstra-

118 2043 264 2079 tionem
288 2042 583 2079 Newtonianam
612 2041 757 2086 evertit,
785 2040 1022 2079 ostendendo
1041 2043 1154 2079 nimi-

118 2108 207 2132 rum
236 2108 321 2132 eam
354 2095 475 2143 ipsam
511 2093 684 2132 absurdae
717 2095 918 2144 hypothesi
949 2095 1155 2144 probandae

119 2161 229 2198 aeque
247 2160 438 2185 inservire.

174 2204 374 2240 Hactenus
401 2203 458 2239 vir
485 2202 743 2244 doctissimu85
772 2208 991 2251 sequuntur
1007 2215 1050 2239 ea
1069 2204 1155 2251 qui-

116 2256 187 2293 bus
205 2256 350 2292 restitui
362 2267 468 2304 posse
490 2256 785 2293 Newtouianam
802 2257 1156 2294 demonstrationem

124 2309 328 2346 credimus.

199 2414 264 2452 De
285 2413 461 2453 Motibus
479 2414 521 2450 in
544 2413 684 2452 Fluido
705 2413 877 2452 Elastico
900 2415 1066 2472 Genitis⁸

2155 260 2260 310 275

1220 408 1420 438 moveatur
1444 400 1479 437 A
1500 411 1632 437 versus
1663 399 1698 436 B
1720 396 1918 435 velocitate
1945 397 2065 441 finita,
2097 406 2136 436 et
2162 405 2259 436 tem-

1219 466 1311 502 pore
1347 452 1498 490 infinite
1533 464 1651 500 parvo
1687 451 1874 488 describat
1910 451 2078 503 spatium
2114 450 2263 490 infinite

1219 519 1380 555 parvum
1401 506 1511 553 primi
1536 505 1680 542 ordinis
1703 508 1736 541 A
1760 517 1794 546 a,
1824 504 1880 540 vis
1899 503 2038 541 motrix
2067 505 2201 550 puncti
2225 506 2260 543 B

1220 560 1292 597 erit
1309 559 1524 596 differentia
1543 558 1681 595 virium
1701 557 1980 605 repulsivarum
2008 557 2143 604 puncti
2165 558 2202 594 A
2223 569 2262 595 et

1225 613 1270 656 C,
1300 621 1356 649 est
1380 619 1509 649 autem
1530 611 1585 647 vis
1603 611 1793 659 repulsiva
1820 609 1954 658 puncti
1976 609 2014 646 A
2037 609 2101 647 ubi
2128 622 2258 658 perve-

1221 665 1279 702 nit
1297 665 1337 701 in
1357 678 1390 710 a,
1421 664 1469 702 ad
1487 665 1565 701 vim
1593 665 1728 712 puncti
1754 664 1786 702 C
1818 665 1867 716 (si
1895 664 1968 700 im-

1217 726 1367 754 motum
1381 717 1635 766 supponatur)
1651 725 1695 755 ut
1711 719 1745 755 Β
1764 719 1796 757 C
1811 717 1860 754 ad
1880 716 1913 754 B
1929 729 1964 762 a,
2079 733 2088 751 ι
2143 733 2257 765 ⁸--.!

1217 778 1257 807 et
1275 770 1480 808 dividendo
1506 771 1561 806 vis
1587 770 1728 808 motrix
1756 769 1890 820 puncti
1913 770 1961 815 B,
2010 766 2019 783 ¹

1217 823 1266 860 ad
1299 823 1378 860 vim
1407 823 1638 871 repulsivam
1670 824 1803 871 puncti
1841 823 1886 867 C,
1921 830 1965 859 ut
1994 805 2033 841 A
2075 818 2099 843 a
2141 804 2177 843 B
2223 805 2256 842 C

1215 877 1250 914 B
1277 876 1678 927 c—Ba(=Aa)
1699 877 1848 915 adBa.
1886 874 1964 913 Sed

1216 932 1254 966 A
1274 943 1308 975 a,
1328 937 1385 967 est
1403 929 1552 966 infinite
1570 942 1730 977 parvum
1751 942 1797 967 ex
1817 928 2016 978 hypothesi
2036 936 2075 966 et
2098 929 2133 966 B
2154 942 2176 966 a
2194 935 2252 966 est

1212 982 1322 1019 finita
1348 982 1551 1033 quantitas,
1586 995 1679 1032 ergo
1706 982 1763 1019 vis
1788 982 1929 1019 motrix
1955 982 2092 1030 puncti
2116 983 2165 1027 B,
2194 990 2252 1018 est

1212 1035 1363 1072 infinite
1389 1048 1505 1083 parva
1531 1035 1588 1072 vis
1613 1044 1789 1083 respectu
1815 1035 1872 1072 vis
1897 1035 2099 1083 repulsivae
2118 1034 2252 1083 puncti

1216 1088 1261 1132 C,
1291 1101 1378 1137 quae
1397 1089 1452 1125 vis
1470 1087 1660 1136 repulsiva
1679 1101 1748 1136 pro
1766 1088 1848 1137 ipsa
1867 1088 1903 1124 vi
1923 1087 2087 1125 naturali
2108 1087 2253 1125 elaterii

1207 1141 1350 1178 assumi
1377 1149 1524 1189 potest;
1555 1141 1610 1177 vis
1628 1149 1759 1179 autem
1787 1140 2021 1178 elasticitatis
2038 1149 2095 1178 est
2117 1144 2163 1177 ex
2183 1154 2248 1189 ge-

1208 1206 1298 1231 nere
1325 1197 1577 1242 pressionum,
1607 1202 1779 1242 tempore
1809 1192 1959 1231 infinite
1994 1206 2109 1242 parvo
2147 1193 2251 1230 velo-

1209 1248 1363 1284 citatem
1383 1246 1533 1284 infinite
1552 1260 1707 1295 parvam
1727 1254 1939 1298 generaret,
1967 1260 2054 1296 quae
2073 1245 2252 1284 velocitas

1210 1299 1359 1337 infinite
1391 1312 1506 1348 parva
1541 1301 1704 1338 durante
1735 1310 1909 1348 tempore
1941 1299 2092 1338 infinite
2121 1312 2248 1348 parvo,

1211 1354 1378 1401 spatium
1398 1351 1545 1391 infinite
1564 1366 1724 1402 parvum
1751 1353 1908 1391 secundi
1938 1353 2082 1390 ordinis
2109 1352 2251 1390 descri-

1210 1407 1297 1442 bere
1315 1406 1476 1444 faceret:
1510 1420 1602 1456 ergo
1621 1406 1807 1456 siquidem
1828 1407 1885 1443 vis
1902 1406 2040 1443 motrix
2061 1406 2196 1454 puncti
2214 1406 2249 1443 B

1209 1458 1327 1508 hujus
1359 1460 1413 1496 vis
1445 1469 1618 1508 respectu
1655 1468 1712 1498 est
1738 1457 1889 1497 infinite
1920 1472 2048 1507 parva,
2079 1466 2251 1507 tempore

1209 1511 1358 1550 infinite
1377 1512 1687 1561 parvo-spatium
1707 1511 1859 1550 infinite
1877 1524 2038 1561 parvum
2065 1512 2253 1549 duntaxat

1212 1565 1314 1602 tertii
1331 1566 1477 1603 ordinis
1494 1565 1705 1603 describere
1719 1566 1884 1610 faceret3
1906 1565 2038 1602 nullus
2056 1578 2149 1614 ergo
2167 1577 2252 1601 mo-

1211 1625 1274 1655 tus
1292 1618 1332 1654 in
1348 1627 1493 1667 puncto
1511 1619 1546 1656 B
1562 1618 1806 1668 generabitur
1822 1618 1894 1654 nisi
1907 1618 2071 1666 spatium
2086 1619 2252 1665 descrip-

1211 1678 1297 1709 tum
1319 1672 1353 1708 A
1377 1685 1400 1708 a
1417 1672 1466 1708 sit
1483 1672 1593 1709 finita
1611 1671 1815 1721 quantitaS,
1835 1670 1944 1707 nulla
1957 1683 2049 1720 ergo
2063 1671 2132 1708 erit
2146 1683 2253 1708 com-

1210 1725 1353 1773 pressio
1371 1724 1471 1761 inter
1491 1732 1637 1773 puncta
1658 1724 1693 1761 B
1713 1732 1752 1761 et
1774 1725 1818 1761 C.
1882 1724 1934 1768 Q.
1952 1737 1984 1760 e.
2007 1723 2047 1761 d.

1266 1780 1301 1815 5.
1330 1780 1446 1817 Corol.
1471 1782 1504 1815 1.
1535 1778 1682 1815 Nullus
1694 1789 1786 1826 ergo
1805 1784 1933 1814 motus
1945 1789 1991 1812 ex
2008 1784 2153 1825 puncto
2172 1789 2253 1813 me-

1210 1829 1263 1866 dii
1284 1830 1427 1868 elastic'i
1445 1830 1484 1867 in
1501 1839 1689 1878 punctum
1705 1830 1923 1878 proximum
1940 1830 2167 1866 transfertur
2180 1829 2252 1867 nisi

1209 1891 1295 1931 post
1313 1892 1467 1932 tempus
1483 1883 1650 1928 finitum,
1680 1895 1770 1919 nam
1792 1882 1959 1931 spatium
1979 1882 2135 1919 finitum
2158 1886 2194 1919 A
2215 1897 2249 1928 a,

1209 1937 1362 1973 nonnisi
1383 1945 1553 1985 tempore
1571 1937 1681 1974 finito
1700 1936 1870 1984 percurri
1897 1943 2020 1985 potest
2047 1948 2115 1985 per
2143 1935 2246 1974 velo-

1213 1989 1366 2027 citatem
1385 1990 1546 2028 finitam.

1209 2078 1224 2090 ,‚
1262 2048 1299 2080 6.
1325 2045 1440 2082 Corol.
1466 2048 1502 2080 2.
1535 2043 1590 2081 Et
1611 2042 1787 2080 velocitas
1808 2042 1916 2080 finita
1934 2043 1973 2079 in
1994 2050 2141 2091 puncto
2154 2042 2249 2081 elas-

1211 2090 1287 2132 tico
1319 2097 1482 2134 excitata
1512 2109 1591 2133 non
1627 2097 1840 2133 mutabitur
1877 2096 1953 2132 nisi
1979 2104 2063 2144 post
2095 2104 2250 2145 tempus

1208 2146 1362 2186 finitum
1381 2157 1418 2186 et
1437 2157 1636 2200 postquam
1656 2149 1867 2198 quantitate
1888 2146 1998 2186 finita
2014 2151 2246 2197 processerit.

1214 2202 1301 2239 Sint
1331 2203 1434 2240 enim
1465 2203 1581 2240 medii
1614 2202 1811 2250 particulae
1842 2202 1885 2247 Z,
1911 2203 1960 2244 A,
1990 2203 2036 2247 B,
2070 2202 2252 2249 procedat

1211 2263 1403 2304 punctum
1437 2257 1472 2293 A
1507 2255 1705 2293 velocitate
1737 2253 1844 2292 finita
1884 2262 2095 2305 utcumque
2132 2256 2171 2291 in
2209 2256 2248 2293 id

1211 2317 1401 2356 punctum
1439 2309 1635 2357 producta,
1672 2316 1711 2346 et
1745 2316 1918 2357 tempore
1953 2306 2104 2346 infinite
2133 2321 2252 2359 parvo

1212 2360 1402 2400 describat
1427 2363 1594 2411 spatium
1621 2357 1771 2399 infinite
1798 2374 1959 2410 parvum

1217 2415 1252 2452 A
1274 2428 1306 2458 a,
1339 2416 1395 2453 vis
1421 2414 1500 2465 qua
1526 2415 1678 2452 sistetur
1705 2428 1749 2452 ea
1777 2414 1955 2452 velocitas
1986 2433 2016 2469 Z
2094 2431 2132 2468 A
2210 2432 2247 2471 B
2304 2430 2313 2439 =

1145 2466 1148 2470 ’
1211 2467 1355 2505 orietur
1372 2481 1417 2505 ex
1438 2464 1652 2506 differentia
1672 2467 1809 2505 virium
1830 2467 1955 2504 elasti-

174 2524 208 2559 1.
233 2522 471 2571 Hypothesis.
526 2521 710 2569 Suppono
746 2520 918 2558 medium
956 2520 1154 2559 clasticum

117 2583 288 2612 constare
306 2574 469 2622 punctis,
489 2575 700 2623 quantitate
718 2574 858 2624 exigua
877 2573 941 2611 sed
962 2574 1070 2611 finita
1082 2588 1104 2612 a
1116 2587 1155 2611 se

119 2627 270 2673 dissitis,
301 2636 338 2663 et
357 2626 392 2662 vi
413 2626 601 2675 repulsiva
621 2625 772 2664 donatis
789 2640 876 2676 quae
901 2627 1090 2665 distantiae
1109 2628 1155 2664 il-

118 2680 243 2717 lorum
276 2688 509 2729 punctorum
540 2679 589 2717 sit
618 2679 809 2728 reciproce
837 2680 1152 2729 proportionalis;

119 2745 190 2770 nec
217 2732 265 2770 ad
293 2734 369 2770 alia
400 2740 543 2781 puncta
576 2741 713 2781 praeter
744 2747 789 2771 ea
820 2746 907 2783 quae
936 2734 1156 2770 immediate

117 2786 292 2834 proxima
305 2794 396 2823 sunt
407 2798 487 2822 sese
501 2786 693 2823 extendit:
716 2786 789 2823 hoc
804 2785 908 2823 enim
922 2786 1038 2823 modo
1050 2799 1155 2836 quae-

117 2851 284 2888 cumque
298 2839 347 2875 sit
361 2838 526 2886 partium
541 2838 657 2875 medii
670 2838 813 2876 elastici
827 2845 974 2881 natura,
995 2840 1084 2876 satis
1099 2841 1156 2876 fe-

117 2891 241 2929 liciter
258 2899 580 2939 repraesentantur
606 2890 764 2929 effectus
781 2891 849 2942 qui
868 2904 914 2928 ex
926 2904 1061 2929 eorum
1079 2892 1156 2930 ela-

118 2945 216 2982 terio
235 2944 415 2993 pendent.

173 3002 208 3034 2.
236 2999 352 3036 Corol.
381 3001 414 3034 l.
448 2995 573 3034 Medii
588 2996 729 3035 elastici
749 3005 868 3035 status
895 2996 1080 3039 naturalis
1098 3005 1155 3035 est

117 3057 164 3088 ut
182 3060 326 3099 puncta
344 3049 426 3100 ejus
444 3049 596 3087 clastica
610 3063 632 3087 a
645 3063 686 3088 se
704 3049 843 3088 mutuo
862 3051 1059 3100 aequaliter
1076 3051 1154 3088 dis-

118 3111 212 3141 tent.

173 3162 208 3194 3.
230 3158 347 3195 Corol.
373 3160 409 3193 2.
450 3155 603 3194 Puncta
630 3156 783 3194 clastica
809 3156 1045 3194 velocitatem
1066 3155 1153 3193 fini.

119 3216 197 3247 tarn
219 3208 409 3257 suscipere
427 3217 586 3256 possunt
605 3209 663 3246 vel
683 3222 751 3258 per
777 3209 1042 3246 immediatum
1062 3222 1151 3246 con-

119 3269 266 3299 tactum
285 3261 452 3309 corporis
469 3262 577 3307 moti,
599 3262 795 3300 velocitate
813 3260 885 3299 sua
903 3261 1012 3299 finita
1031 3275 1152 3310 punc-

119 3322 204 3352 tum
232 3314 431 3352 elasticurn
458 3315 633 3364 urgentis
651 3316 712 3352 vel
731 3328 797 3362 per
814 3315 1003 3352 actionem
1031 3316 1153 3352 conti-

119 3376 279 3405 nuatam
299 3367 354 3404 vis
371 3365 571 3414 repulsivae
590 3377 820 3415 punctorum
849 3367 1091 3405 elasticorum
1120 3369 1151 3404 si

119 3423 167 3458 ab
186 3419 266 3458 una
284 3427 390 3468 parte
409 3418 541 3456 fortior
559 3420 608 3456 sit
625 3419 740 3469 quam
760 3422 807 3458 ab
826 3419 913 3457 alia.
967 3420 1153 3470 Reliquas

119 3486 252 3510 causas
269 3483 410 3516 motus,
431 3479 476 3508 ut
493 3474 730 3522 gravitatem,
752 3473 848 3511 vires
861 3473 1057 3520 centrales,
1078 3475 1147 3511 &c-

117 3527 180 3564 hic
198 3539 275 3563 non
297 3525 594 3569 consideramus.

171 3584 208 3616 4.
239 3582 371 3617 leeor.
400 3582 431 3615 1.
469 3578 507 3615 Si
528 3578 706 3615 velocitas
726 3577 832 3616 fini-ta
849 3577 1152 3628 quomodocum-

117 3645 193 3682 que
212 3632 398 3669 excitetur
416 3631 458 3667 in
477 3641 622 3679 puncto
642 3631 807 3675 elastico,
827 3631 1016 3669 distantiae
1036 3632 1118 3681 ejus
1131 3645 1155 3669 a

117 3684 294 3733 proximo
319 3692 465 3732 puncto
483 3696 614 3721 versus
631 3684 736 3733 quod
755 3692 930 3721 movetur
958 3685 1156 3722 minuetur

117 3736 228 3774 finita
246 3738 458 3786 quantitate
476 3745 684 3786 antequam
703 3737 744 3773 in
763 3737 910 3786 reliquo
928 3737 1056 3774 medio
1076 3738 1155 3775 fac-

117 3797 181 3826 tus
199 3790 248 3827 sit
267 3789 371 3826 ullus
389 3797 518 3827 motus
537 3790 693 3839 ullaque
720 3789 971 3837 compressio:
1004 3790 1081 3827 sint
1104 3792 1153 3836 A,

120 3841 170 3889 B,
195 3843 244 3889 C,
276 3843 350 3880 tria
381 3851 524 3890 puncta
552 3843 669 3880 medii
702 3842 845 3881 elastici
877 3841 1171 3893 aequidistantia,

1211 2534 1343 2558 carum
1362 2522 1496 2570 puncti
1517 2522 1547 2558 Z
1561 2530 1599 2559 et
1616 2520 1748 2570 puncti
1766 2522 1809 2566 B,
1827 2528 1958 2570 estque
1985 2523 2250 2553 '1—'·‘—··

1208 2574 1264 2611 vis
1276 2574 1409 2623 puncti
1424 2576 1458 2613 B
1472 2574 1520 2612 ad
1533 2574 1609 2611 vim
1624 2574 1756 2623 puncti
1772 2574 1802 2610 Z
1816 2581 1860 2610 ut
1877 2575 1910 2610 A
1929 2574 1963 2611 B
2158 2587 2183 2612 a

1211 2628 1264 2679 -1-
1285 2627 1323 2664 Α
1340 2627 1421 2665 aad
1444 2629 1481 2665 A
1499 2628 1534 2665 B
1549 2650 1602 2657 —-
1619 2628 1655 2665 A
1670 2640 1705 2673 a,
1726 2634 1764 2664 et
1782 2626 1955 2664 dividen-

1207 2681 1259 2718 do
1294 2680 1352 2717 vis
1389 2679 1525 2716 sistens
1560 2687 1751 2725 punctum
1784 2678 1822 2715 A
1853 2678 1902 2714 ad
1930 2679 2007 2716 vim
2035 2679 2170 2728 puncti
2200 2681 2242 2727 Z,

1209 2741 1255 2770 ut
1280 2738 1304 2770 2
1328 2732 1782 2777 AaadAB—Aa,
1811 2729 1878 2769 sed
1907 2732 1989 2769 Aa
2015 2742 2073 2770 est
2098 2732 2249 2771 infinite

1209 2798 1372 2835 parvum
1389 2793 1562 2835 respectu
1581 2785 1803 2835 quantitatis
1826 2787 1862 2821 A
1889 2786 1922 2822 B
1942 2807 1994 2815 -·
2018 2786 2054 2822 A
2075 2799 2108 2830 a,
2139 2798 2246 2837 ergo,

1209 2839 1265 2875 vis
1284 2839 1419 2876 sistens
1437 2847 1626 2887 punctum
1649 2840 1687 2876 A
1709 2847 1765 2876 est
1782 2837 1933 2876 infinite
1951 2851 2079 2886 parva,
2099 2851 2246 2887 respec-

1208 2898 1253 2928 tu
1272 2893 1328 2929 vis
1347 2893 1479 2940 puncti
1510 2893 1554 2937 Z,
1588 2904 1675 2941 quae
1706 2899 1762 2928 est
1790 2893 1846 2927 vis
1872 2891 2015 2929 elaterii
2045 2892 2243 2938 naturalis,

1208 2943 1296 2982 ideo
1326 2945 1478 2996 (eodem
1506 2944 1624 2983 modo
1651 2957 1695 2982 ac
1721 2944 1762 2981 in
1784 2945 2051 2981 Theorematis
2083 2943 2245 2982 demon-

1208 3005 1369 3035 stratum
1387 2998 1481 3048 fuit)
1501 2997 1735 3047 probabitur,
1755 2997 1833 3033 vim
1855 2997 1960 3034 illam
1983 3005 2155 3045 tempore
2181 2998 2244 3035 in-

1208 3050 1316 3088 finite
1335 3064 1451 3098 parvo
1469 3050 1635 3100 spatium
1654 3049 1801 3087 infinite
1813 3063 1971 3098 parvum
1988 3051 2088 3088 tertii
2103 3051 2246 3089 ordinis

1206 3107 1503 3151 producturam:
1545 3116 1662 3153 quare
1689 3103 1836 3141 etiamsi
1863 3103 2018 3153 singula
2053 3111 2197 3152 puncta
2223 3117 2247 3142 a

1207 3165 1314 3204 parte
1337 3158 1371 3194 B
1392 3157 1514 3205 posita
1533 3157 1670 3206 aequali
1690 3155 1726 3192 vi
1745 3164 1901 3206 agerent
1928 3169 2140 3207 eorumque
2167 3170 2243 3195 nu-

1207 3222 1336 3247 merus
1354 3210 1528 3247 infinitus
1546 3209 1655 3255 foret,
1686 3208 1782 3246 vires
1801 3209 1879 3245 illae
1906 3221 2039 3247 omnes
2066 3222 2145 3247 non
2172 3210 2246 3247 nisi

1208 3264 1373 3310 spatium
1392 3262 1542 3301 infinite
1560 3275 1718 3310 parvum
1741 3262 1899 3299 secundi
1928 3262 2071 3300 ordinis
2095 3262 2245 3301 infinite

1207 3328 1324 3363 parvo
1356 3323 1526 3363 tempore
1558 3328 1604 3352 ex
1637 3315 1759 3364 spatio
1795 3315 1832 3352 A
1860 3328 1883 3351 a
1910 3315 2044 3354 eodem
2073 3323 2246 3365 tempore

1208 3368 1397 3416 descripto
1416 3368 1669 3413 detraherent,
1697 3375 1871 3405 maneret
1889 3368 2018 3418 itaque
2036 3368 2151 3415 idem,
2180 3382 2245 3406 ve-

1206 3421 1341 3458 locitas
1393 3433 1486 3471 ergo
1507 3421 1638 3470 puncti
1657 3422 1695 3457 A
1711 3433 1789 3457 non
1804 3421 2017 3459 mutabitur
2033 3435 2079 3459 ex
2093 3424 2245 3459 actione

1206 3474 1381 3511 omnium
1402 3483 1631 3522 punctorum
1645 3474 1760 3511 medii
1776 3473 1934 3519 elastici,
1956 3475 2028 3511 nisi
2047 3482 2132 3524 post
2146 3482 2243 3512 tem-

1206 3539 1280 3575 pus
1307 3527 1459 3564 finitum
1488 3535 1526 3565 et
1551 3536 1753 3578 postquam
1780 3526 1887 3565 finita
1915 3527 2127 3577 quantitate
2154 3540 2243 3577 pro-

1206 3588 1371 3618 cesserit.

1262 3637 1298 3671 7.
1325 3634 1442 3671 Corol.
1461 3637 1497 3670 8.
1527 3632 1568 3670 Si
1582 3632 1868 3671 considerentur
1881 3633 2086 3670 innumera
2099 3641 2245 3682 puncta

1199 3682 1362 3723 'clastica
1380 3685 1513 3722 ordine
1532 3686 1573 3722 in
1592 3684 1695 3722 linea
1713 3687 1814 3724 recta
1828 3685 1961 3735 posita.
1985 3698 2056 3723 nec
2070 3686 2243 3724 attenda-

1209 3747 1273 3776 tur
1291 3738 1340 3775 ad
1359 3739 1434 3776 alia
1451 3752 1537 3788 quae
1558 3739 1856 3788 circumquaque
1883 3738 2050 3775 solidum
2080 3739 2263 3787 spatium=

1210 3792 1463 3837 constituunt,
1484 3792 1516 3828 si
1538 3804 1658 3829 unum
1671 3793 1870 3829 velocitate
1884 3791 1992 3828 finita
2002 3791 2248 3841 qudcumque

1210 3856 1258 3882 ex
1279 3844 1393 3883 causa
1419 3852 1614 3896 urgeatur,
1643 3858 1732 3895 quae
1759 3852 1938 3882 constans
1956 3844 2064 3883 ineo
2081 3853 2247 3892 maneat,

1131 3915 1202 3953 82
