2502 4192
149 260 336 313 Lmen
364 260 641 322 SEcmm]
722 256 1124 311 PRINCIPIA
1173 256 1791 332 MATHEMATICA.
2189 273 2292 318 213

149 402 439 456 cadendum
466 401 714 454 accedant
738 401 804 453 ad
829 402 1048 454 invicem
1072 419 1168 470 per
1191 411 1362 453 motus
1387 402 1644 454 horizonti
1668 402 1959 472 paralleIOS,
2000 415 2059 458 ut
2082 410 2290 463 unicam

147 501 350 544 tantum
375 490 648 543 efforment
673 500 980 543 cataractam
1007 500 1059 542 et
1081 508 1189 541 non
1224 491 1278 541 in
1314 490 1490 559 plures
1525 501 1802 545 cataractas
1834 493 2129 548 dividantur
2142 518 2156 559 3
2198 501 2290 552 sed

143 591 344 632 motum
368 580 623 632 horizonti
657 579 978 650 parallelum,
1020 598 1052 631 a
1088 578 1381 631 cohaesione
1405 579 1492 631 illa
1518 582 1812 646 oriundum,
1854 583 1940 635 hic
1975 603 2083 636 non
2120 590 2287 640 consi-

144 677 400 729 deramus·
1774 741 1776 745 ⁷

218 768 330 818 CaS.
363 772 408 817 1.
487 765 718 833 Concipe
734 766 846 834 jam
870 763 1140 816 cavitatem
1165 773 1327 817 totam
1352 764 1405 815 in
1431 783 1568 829 vase,
1596 764 1655 816 inv
1677 765 1895 817 circuitu
1920 782 2069 834 aquae
2095 765 2284 816 caden-

138 853 201 904 tis
228 854 279 904 A
309 853 356 904 B
385 852 437 904 N
467 854 510 905 F
537 854 584 905 E
613 853 693 916 Μ,
732 852 897 922 glacie
921 851 1130 920 plenam
1156 840 1282 917 esse,
1310 863 1369 908 ut
1394 871 1529 922 aqua
1551 870 1647 921 per
1670 853 1890 924 glaciem
1915 863 2162 922 tanquam
2185 872 2281 922 per

137 942 520 995 infundibulum
545 953 783 995 transeat.
860 942 931 994 Et
955 943 999 994 si
1023 962 1158 1013 aqua
1181 944 1399 1015 glaciem
1424 942 1627 995 tantum
1652 962 1759 995 non
1785 954 1979 1014 tangat,
2012 945 2107 1007 vel,
2137 947 2280 1015 quod

135 1032 353 1100 perinde
393 1040 483 1094 est,
527 1030 570 1082 si
608 1040 787 1102 tangat
823 1040 873 1081 et
907 1049 1003 1098 per
1040 1032 1257 1102 glaciem
1301 1040 1515 1100 propter
1557 1050 1812 1082 summam
1856 1033 1964 1101 ejus
2000 1033 2281 1101 polituram

138 1141 294 1192 quam
318 1120 578 1173 liberrime
604 1131 656 1173 et
681 1121 790 1172 sine
815 1122 957 1172 omni
982 1121 1271 1174 resistentia
1296 1122 1530 1183 labatur3
1575 1122 1689 1174 haec
1715 1122 1907 1173 defluet
1930 1140 2025 1190 per
2049 1122 2280 1176 foramen

138 1211 185 1262 E
226 1211 270 1262 F
320 1209 502 1262 eadem
549 1209 818 1262 velocitate
861 1229 921 1261 ac
959 1210 1119 1279 prius,
1174 1210 1235 1280 (k)
1275 1221 1327 1263 et
1362 1211 1569 1280 pondus
1617 1220 1784 1262 totum
1834 1211 2089 1263 columnae
2132 1232 2280 1283 aquae

136 1299 187 1350 A
216 1299 262 1350 Β
290 1300 342 1350 Ν
372 1300 415 1350 F
442 1299 489 1351 E
517 1299 582 1350 M
607 1299 937 1368 impendetur
972 1301 1027 1351 in
1065 1301 1331 1352 defluxum
1367 1303 1475 1370 ejus
1521 1302 1878 1372 generandum
1915 1302 1990 1352 uti
2026 1302 2187 1371 prius,
2228 1313 2278 1355 et

132 1388 351 1441 fundum
376 1390 510 1441 vasis
537 1390 807 1442 sustinebit
830 1390 1036 1458 pondus
1061 1389 1244 1460 glaciei
1270 1389 1562 1441 columnam
1589 1391 1878 1441 ambientis.

204 1479 481 1548 Liquescat
513 1479 623 1547 jam
656 1479 847 1550 glacies
887 1479 942 1530 in
979 1497 1125 1541 vase3
1172 1488 1224 1531 et
1259 1478 1476 1531 effluxus
1517 1498 1681 1548 aquae,
1724 1479 1893 1548 quoad
1930 1478 2273 1542 velocitatem,

128 1566 267 1618 idem
291 1566 518 1618 manebit
543 1585 602 1617 ac
625 1566 784 1635 prius.
861 1567 914 1636 (¹)
943 1567 1067 1619 Non
1091 1568 1263 1618 minor
1288 1568 1400 1630 erit,
1443 1567 1563 1637 quia
1599 1567 1789 1637 glacies
1825 1567 1881 1617 in
1919 1585 2107 1636 aquam
2135 1586 2277 1620 reso-

125 1657 234 1708 luta.
273 1656 543 1708 conabitur
585 1655 925 1709 descendere:
977 1674 1084 1708 non
1121 1657 1302 1726 major,
1347 1656 1466 1726 quia
1502 1655 1693 1726 glacies
1730 1656 1787 1705 in
1823 1674 2011 1725 aquam
2045 1656 2272 1714 resoluta

181 1838 270 1873 2⁷2.
331 1834 410 1872 His
428 1833 483 1872 ita
501 1834 729 1882 constitutis,
758 1835 872 1873 facile
890 1842 948 1873 est
974 1841 1171 1873 cataractae
1227 1836 1264 1873 E
1289 1835 1337 1873 M
1360 1835 1398 1873 A
1420 1836 1476 1873 X.
1536 1835 1594 1873 Et
1611 1834 1643 1872 si
1662 1833 1992 1883 semi-peripheria
2010 1834 2145 1873 circuli
2165 1836 2277 1886 cujus

125 1888 291 1939 figuram
310 1887 540 1937 geometrice
558 1888 731 1927 definire.
791 1890 901 1927 Secet
922 1890 969 1927 M
991 1889 1031 1926 N
1058 1900 1171 1926 axem
1224 1889 1356 1927 radius
1375 1897 1431 1926 est
1449 1889 1588 1932 unitas,
1611 1888 1762 1925 dicatur
1780 1901 1817 1936 p,
1839 1888 1910 1925 erit
1929 1887 2063 1926 circuli
2081 1889 2118 1925 E
2139 1890 2171 1927 F
2190 1903 2277 1928 area

129 1942 150 1979 I
177 1942 214 1978 G
234 1941 274 1977 in
297 1941 355 1988 P;
385 1949 424 1979 et
443 1942 534 1991 quia
552 1942 716 1980 altitudo
738 1942 759 1980 Ι
783 1942 818 1979 P
836 1950 893 1980 est
910 1942 951 1979 in
971 1941 1166 1990 duplicata
1223 1958 1279 1979 =
1300 1955 1324 1990 p
1339 1955 1365 1991 y
1379 1954 1413 1991 y,
1436 1949 1474 1979 et
1492 1941 1689 1992 cylindrus
1706 1942 1743 1978 E
1763 1942 1801 1979 G
1820 1946 1861 1988 ><
1883 1946 1905 1978 2
1923 1941 1945 1978 Ι
1966 1942 2003 1979 G
2017 1958 2073 1979 .-=
2090 1947 2114 1980 2
2130 1955 2154 1991 p
2169 1956 2195 1992 y
2208 1957 2233 1993 y
2249 1955 2272 1980 x

127 1994 272 2032 ratione
292 1994 503 2032 velocitatis
521 2008 631 2044 aquae
649 1996 689 2032 in
713 1996 759 2041 P,
780 1996 862 2034 haec
880 2007 970 2033 vero
988 1996 1168 2032 velocitas
1299 2001 1323 2032 2
1343 2008 1368 2043 p
1387 2010 1410 2033 a
1428 1998 1446 2027 5
1521 2026 1574 2066 Ο,
1714 2025 1727 2037 x
1773 2027 1782 2034 .
1941 2008 1964 2031 a
1990 1996 2007 2025 5
2179 2029 2186 2035 .
2254 2027 2267 2040 x

125 2055 183 2085 est
200 2047 347 2108 inverse
366 2055 411 2084 ut
429 2048 597 2108 circulus
618 2049 667 2110 M
684 2049 736 2093 N,
759 2056 798 2087 et
815 2048 982 2110 denique
1002 2047 1168 2112 circulus
1219 2043 1276 2064 =
1340 2074 1402 2111 yy
1448 2054 1458 2065 '
1557 2039 1624 2065 um
1642 2040 1732 2065 vero
1752 2034 1801 2065 Slt
1820 2039 1844 2064 x
1862 2041 1919 2064 =
1939 2048 2019 2111 y—4'
2042 2040 2086 2066 ac
2106 2028 2269 2076 promde

127 2101 174 2138 Μ
197 2101 239 2137 N
257 2108 313 2137 est
330 2113 371 2137 ln
390 2108 536 2162 ratlone
555 2101 750 2162 duplicata
767 2101 864 2140 radu
887 2103 931 2162 M
956 2102 1001 2144 P,
1022 2109 1062 2163 et
1079 2101 1167 2139 ldeo
1414 2153 1426 2158 ,
1438 2119 1463 2152 4
1476 2113 1560 2151 an
1574 2126 1598 2163 y
1992 2151 1998 2158 ὁ

126 2153 146 2191 I
169 2153 204 2190 P
221 2166 289 2190 seu
308 2156 470 2192 abscissa
488 2167 529 2191 m
547 2163 693 2193 ratlone
710 2153 1003 2206 quadruphcata
1020 2167 1168 2193 inversa
1221 2145 1247 2184 d
1262 2159 1285 2183 Χ
1298 2161 1355 2182 =
1370 2168 1423 2176 ··-
1490 2193 1514 2229 y
1527 2182 1544 2210 5
1600 2172 1611 2193 2
1629 2150 1827 2183 cataractae
1842 2145 2080 2184 elememum
2095 2159 2120 2195 P
2135 2158 2160 2195 y
2175 2146 2233 2195 yd
2249 2159 2273 2184 ¹

123 2238 219 2335 radii
238 2251 306 2277 seu
325 2238 510 2278 ordinatae
532 2240 579 2278 M
602 2241 646 2285 P,
675 2240 753 2278 sive
774 2241 795 2279 Ι
818 2241 853 2279 P
870 2248 916 2279 ut
934 2213 983 2311 Ilu
1006 2274 1042 2311 P
1060 2267 1099 2334 4,
1128 2247 1167 2279 et
1219 2279 1277 2302 =
1304 2286 1359 2294 -
1386 2231 1622 2344 {gg—&3⁴5
1641 2277 1698 2299 =
1724 2284 1778 2294 -
1796 2267 1822 2301 4
1841 2277 1866 2313 p
1886 2278 1908 2301 a
1927 2264 1945 2294 ς
1964 2278 1990 2312 y
2008 2282 2057 2287 -
2079 2266 2096 2292 3
2116 2264 2140 2301 d
2169 2277 2204 2313 y!
2237 2271 2275 2301 et

122 2324 210 2362 ¹de⁰
231 2325 279 2363 M
303 2325 336 2362 P
355 2329 377 2355 4
401 2331 442 2372 Χ
469 2326 491 2364 I
514 2327 548 2364 P
549 2353 561 2373 ’
580 2327 772 2377 quantitas
789 2327 890 2366 data·
950 2327 1023 2365 Est
1047 2326 1167 2378 igmu
1219 2350 1383 2399 sumptis
1397 2344 1621 2395 flu‘entibuS,
1642 2356 1723 2387 tota
1735 2357 1921 2388 cataracta
1941 2361 1989 2388 au
2009 2359 2271 2401 asymptotum

123 2389 240 2415 curva
261 2378 369 2416 EM
391 2380 444 2425 A,
472 2380 682 2428 hyperbola
700 2382 824 2431 quarti
839 2379 994 2432 gradus,
1011 2393 1165 2429 asymp-

122 2436 222 2469 totos
253 2432 397 2470 habens
432 2433 453 2471 Ι
486 2433 537 2479 G,
570 2434 592 2471 I
624 2433 678 2479 K,
713 2435 854 2485 quibus
884 2433 1164 2473 convexitatem
1881 2408 1905 2440 2
1925 2417 1949 2452 p
1969 2417 1994 2441 a
2016 2407 2032 2435 ς

1919 2482 1984 2519 YY

1217 2449 1340 2487 usque
1369 2436 1412 2474 X
1431 2448 1456 2472 x
1483 2433 1683 2483 producta,
1714 2436 1785 2473 erit
1802 2451 1860 2472 =
2053 2453 2110 2473 =
2132 2442 2155 2474 2
2179 2438 2214 2475 Ε
2240 2438 2273 2475 F

1222 2523 1388 2570 xia
1453 2520 1621 2565 aaa

1276 2594 1335 2647 (k)
1357 2597 1447 2632 274.
1481 2594 1535 2630 Et
1553 2595 1704 2641 pondus
1723 2599 1860 2638 totum,
1882 2593 1949 2629 ὅτε.
2007 2593 2166 2631 Pondus
2185 2595 2270 2644 qui-

1221 2647 1309 2685 dem
1342 2654 1468 2684 totum
1496 2646 1688 2682 columnae
1715 2658 1826 2694 aquae
1858 2647 1894 2682 A
1918 2647 1953 2683 B
1977 2647 2015 2683 N
2041 2647 2073 2683 F
2094 2648 2131 2684 E
2154 2648 2199 2684 M
2229 2648 2271 2684 in

1222 2700 1421 2738 defluxum
1437 2700 1520 2749 ejus
1535 2698 1800 2748 generandum
1819 2699 2079 2746 impenditur3
2101 2709 2271 2737 attamen

1223 2761 1350 2791 totum
1380 2765 1489 2802 aquae
1519 2758 1668 2788 motum
1702 2764 1781 2788 non
1814 2764 1984 2801 generat,
2017 2752 2107 2790 cum
2141 2753 2271 2790 motus

1222 2807 1328 2845 illius
1346 2819 1431 2855 pars
1452 2804 1614 2854 pendeat
1632 2818 1655 2842 a
1673 2812 1782 2842 motu
1802 2804 2018 2852 superficiei
2042 2809 2077 2842 A
2099 2807 2146 2851 B,
2177 2819 2265 2855 quae

1225 2861 1311 2912 (per
1332 2858 1457 2909 Hyp.)
1492 2870 1576 2895 eam
1608 2859 1723 2895 habet
1751 2857 1992 2895 velocitatem
2024 2872 2139 2907 quaxn
2170 2872 2270 2909 aqua

1223 2912 1395 2951 cadendo
1414 2919 1452 2950 et
1470 2924 1559 2948 casu
1575 2923 1646 2948 suo
1659 2910 1905 2947 describendo
1920 2911 2165 2949 altitudinem
2185 2913 2202 2949 1
2225 2914 2268 2950 H

1224 2966 1419 3016 acquirere
1455 2971 1590 3013 potest.
1651 2964 1725 3004 Sed
1758 2970 1884 3003 totum
1922 2977 2032 3013 aquae
2069 2965 2270 3002 defluxum

1223 3017 1490 3057 mathematice
1510 3015 1748 3054 considerare
1774 3029 1979 3064 possumus
1997 3026 2180 3067 tanquam
2200 3032 2268 3068 ge-

1224 3073 1350 3110 nitum
1383 3071 1551 3121 pondere
1583 3082 1693 3119 aquae
1725 3071 1854 3115 totius,
1894 3082 1981 3118 quae
2007 3071 2048 3107 in
2081 3072 2269 3110 cataracta

1227 3126 1265 3163 E
1291 3127 1328 3162 A
1346 3125 1388 3162 X
1407 3137 1432 3161 x
1457 3125 1491 3162 B
1516 3123 1560 3168 F,
1582 3136 1705 3173 usque
1720 3122 1767 3159 ad
1788 3130 2052 3172 asymptotu'm
2075 3125 2115 3161 X
2137 3138 2160 3161 x
2181 3138 2267 3173 pro-

1222 3178 1340 3216 ducta
1366 3177 1596 3221 continetur,
1631 3188 1796 3225 quaeque
1825 3176 1982 3226 aequalis
2010 3184 2067 3214 est
2093 3177 2268 3226 cylindro

1221 3244 1343 3281 aqueo
1370 3230 1451 3269 basi
1481 3230 1518 3267 E
1542 3229 1575 3266 F
1603 3236 1641 3266 et
1668 3228 1872 3266 altitudine
1906 3234 1930 3266 2
1954 3230 1970 3266 Ι
1998 3230 2048 3275 G,
2077 3231 2268 3280 descripto

1222 3284 1351 3337 (273).

124 3180 297 3221 obvertit.
342 3180 614 3221 Producuntur
631 3196 741 3222 arcus
762 3183 800 3221 E
818 3183 867 3221 M
886 3184 920 3220 A
925 3200 936 3227 ,>
958 3189 996 3220 et
1013 3195 1165 3232 asymp-

125 3242 230 3273 totus
261 3234 283 3272 1
306 3232 348 3273 K
380 3235 429 3273 ad
455 3244 580 3284 partes
609 3237 647 3273 X
676 3236 718 3273 in
745 3236 954 3282 infinitum,
984 3244 1021 3273 et
1040 3236 1167 3286 figura

126 3287 164 3326 E
189 3288 226 3324 A
248 3287 290 3325 X
310 3287 351 3324 X
367 3287 387 3325 1
408 3288 444 3326 G
465 3288 565 3326 circa
582 3297 841 3339 asymptotum
861 3303 928 3327 seu
942 3302 1053 3327 axem
1071 3289 1092 3326 I
1113 3289 1163 3334 G,

124 3347 247 3378 rotata
265 3346 491 3378 cataractam
506 3341 691 3380 describet
709 3343 749 3379 in
767 3343 964 3380 infinitum
978 3342 1026 3380 ad
1043 3349 1167 3390 partes

129 3393 184 3436 X,
215 3406 253 3439 x,
287 3392 539 3442 productam3
579 3395 704 3445 figura
731 3394 820 3433 vero
852 3396 890 3433 E
914 3396 962 3433 M
984 3395 1022 3432 A
1047 3395 1090 3432 H
1115 3395 1165 3440 G,

123 3446 222 3483 hanc
240 3453 438 3484 cataractae.
456 3454 605 3494 partem
622 3460 709 3498 quae
728 3449 828 3486 intra
845 3461 910 3485 vas
932 3449 970 3486 A
993 3449 1029 3486 B
1052 3448 1093 3485 D
1117 3448 1162 3491 C,

124 3499 354 3544 continetur,
375 3500 581 3548 generabit.

181 3557 270 3591 275.
315 3552 415 3589 Tota
433 3560 622 3591 cataracta
638 3554 674 3591 E
699 3554 737 3591 A
758 3555 795 3592 X
816 3568 842 3592 x
865 3555 901 3592 B
925 3554 970 3601 F,
992 3561 1167 3603 aequatur

126 3604 299 3654 cylindro
318 3606 429 3656 cujus
447 3606 546 3643 basis
564 3613 621 3643 est
638 3606 804 3644 circulus
825 3607 862 3644 E
881 3607 925 3651 F,
947 3615 984 3645 et
1003 3606 1166 3644 altitudo

126 3662 151 3695 2
173 3657 194 3695 Ι
221 3658 270 3696 G.
328 3660 412 3696 Sint
431 3658 536 3695 enim
554 3658 718 3697 altitudo
748 3661 767 3697 Ι
793 3661 907 3698 G·=
927 3673 964 3707 x,
993 3659 1168 3699 ordinata

128 3736 175 3780 E'
194 3743 232 3780 G
252 3758 308 3779 =
327 3756 362 3794 y,
397 3757 420 3781 a
447 3743 550 3782 linea
577 3743 676 3791 data,
707 3753 746 3782 et
774 3744 890 3796 (272)
919 3757 945 3782 x
962 3762 1019 3782 =
1040 3713 1111 3807 a-g
1129 3757 1167 3792 x,

526 3844 549 3867 a
578 3831 595 3860 5
633 3830 801 3881 aequatio
838 3831 886 3868 ad
924 3791 1169 3880 hyperbolam

126 3826 292 3879 ideoque
329 3842 354 3879 y
384 3833 406 3859 4

1275 3352 1322 3403 (¹)
1345 3354 1366 3376 *²
1390 3353 1484 3389 Non
1511 3351 1638 3388 minor
1663 3350 1746 3394 erit,
1777 3351 1866 3399 quia
1893 3352 2033 3399 glacies
2052 3353 2094 3389 in
2122 3366 2266 3402 aquam

1221 3408 1384 3444 resoluta
1413 3405 1611 3442 conabitur
1647 3405 1881 3448 descendere,
1920 3402 2035 3453 atque
2066 3403 2119 3442 ita
2156 3417 2265 3454 aquae

1219 3459 1444 3496 descensum
1457 3456 1685 3501 accelerare3
1703 3464 1926 3499 nonitamen
1939 3457 2064 3506 major
2075 3459 2156 3498 erit,
2174 3460 2264 3506 quia

1221 3513 1361 3561 glacies
1380 3512 1421 3547 in
1440 3523 1581 3559 aquam
1601 3510 1778 3553 resoluta,
1807 3510 1856 3546 ob
1875 3510 2104 3546 reactionem
2124 3510 2265 3547 actioni

1220 3564 1406 3613 aequalem
1421 3569 1459 3599 et
1470 3561 1709 3606 contrariam,
1724 3575 1802 3599 non
1810 3569 1930 3611 potest
1942 3565 2172 3607 descendere,
2189 3565 2266 3601 nisa·

1218 3618 1451 3667 impediendo
1482 3618 1702 3653 descensum
1732 3628 1842 3665 aquae
1877 3617 2032 3653 alterius
2069 3618 2265 3655 descensui

1219 3685 1287 3709 suo
1307 3671 1505 3719 (equalem.
1568 3667 1679 3704 Idem
1698 3667 1817 3717 igitur
1835 3676 1966 3705 manet
1985 3668 2024 3704 in
2053 3667 2154 3718 aqua
2178 3668 2264 3710 ‚tota

1222 3723 1271 3760 ad
1299 3719 1609 3760 descendendum
1629 3728 1667 3757 et
1685 3733 1752 3769 per
1779 3720 1951 3758 foramen
1983 3721 2019 3757 E
2043 3721 2076 3758 F
2103 3720 2263 3759 effluen-

1223 3776 1318 3813 dum
1356 3782 1527 3811 conatus.
1605 3775 1659 3811 At
1694 3776 1823 3811 eadem
1860 3776 1914 3811 vis
1950 3777 2108 3813 eandem
2152 3788 2264 3826 aquae

1223 3830 1409 3880 effluentis
1427 3829 1654 3866 velocitatem
1668 3839 1851 3876 generare
1869 3828 1984 3865 debet.

1153 3895 1235 3937 '03
