2502 4192
222 267 325 312 29³1·
748 261 1310 313 PHILOSOPHIAE
1351 261 1800 316 NATURALIS
1910 264 2087 328 [Mor.
2117 263 2359 317 CORPOR.

299 400 561 451 Caeterum
587 401 639 450 in
665 399 765 451 ho'c
800 409 1045 469 computo
1080 399 1222 451 nulla
1258 400 1479 451 habetur
1514 402 1646 452 ratio
1683 402 2035 454 crassitudinis
2077 403 2358 455 solidarum

221 489 593 557 particularum
638 489 784 551 a'eris,
827 506 922 556 per
961 506 1115 557 quam
1160 506 1316 541 sonus
1355 489 1532 558 utique
1574 493 1616 558 (1
1621 494 1637 554 )
1673 500 1991 560 propagatur
2030 492 2082 541 in
2127 492 2353 544 instanti.

225 578 361 628 Cum
399 578 603 645 pondus
629 576 760 627 a‘eris
787 576 853 626 sit
879 575 944 626 ad
969 576 1173 644 pondus
1199 594 1347 646 aquae
1372 586 1431 627 ut
1459 584 1480 627 1
1514 576 1581 627 ad
1609 582 1729 640 870,
1770 587 1822 628 et
1847 577 1978 629 sales
2005 579 2106 629 sint
2129 579 2235 630 fere
2260 580 2357 631 du-

220 667 309 734 plo
335 666 596 716 densiores
624 663 777 734 quam
803 683 964 733 aqua3
1004 665 1046 715 si
1070 664 1337 732 particulae
1363 664 1492 715 a‘e‘ris
1515 675 1776 732 ponantur
1802 683 1912 717 esse
1939 666 2166 734 ejusdem
2205 668 2355 718 circi-

221 765 299 804 ter
324 752 588 803 densitatis
615 770 733 802 cum
757 751 1021 819 particulis
1059 751 1140 801 vel
1178 770 1326 820 aquae
1363 752 1445 803 vel
1483 752 1682 814 salium,
1721 762 1773 803 et
1796 753 1977 803 raritas
2005 754 2134 804 a‘eris
2160 756 2356 807 oriatur

219 843 284 894 ab
320 841 599 892 intervallis
638 842 1033 909 particularum:
1075 843 1139 910 (Ζ)
1166 842 1416 894 diameter
1451 843 1718 911 particulae
1743 845 1874 895 ae'ris
1901 845 1998 895 erit
2022 844 2089 895 ad
2113 845 2354 897 interval-

218 934 326 985 lum
351 935 486 985 inter
511 943 686 984 centra
710 918 1093 1002 particularum,
1123 944 1180 984 ut
1209 942 1229 984 1
1264 934 1330 984 ad
1357 943 1389 987 9
1417 934 1496 985 vel
1526 942 1591 986 10
1617 934 1834 997 circiter,
1862 944 1913 985 et
1938 934 2004 985 ad
2029 934 2354 987 intervallum

143 1064 147 1067 ,
217 1025 350 1076 inter
374 1024 649 1092 particulas
677 1035 734 1074 ut
763 1031 784 1073 1
819 1023 886 1074 ad
913 1032 942 1074 8
973 1023 1054 1074 vel
1081 1031 1129 1074 9.
1209 1023 1437 1074 Proinde
1463 1024 1528 1074 ad
1552 1023 1711 1091 pedes
1739 1028 1805 1078 97
1812 1031 1860 1086 9,
1890 1042 2019 1093 quos
2046 1043 2202 1075 sonus
2224 1034 2352 1076 tem-

217 1133 346 1183 pore
371 1114 557 1165 minuti
594 1114 745 1164 unius
784 1113 996 1164 secundi
1024 1114 1177 1181 juxta
1215 1114 1468 1165 calculum
1507 1114 1826 1182 superiorem
1870 1115 2123 1177 conficiet,
2163 1116 2352 1167 addere

215 1205 334 1256 licet
369 1205 527 1272 pedes
576 1206 663 1270 939
714 1223 804 1256 seu
845 1212 946 1256 109
985 1204 1200 1265 circiter,
1247 1204 1315 1255 ob
1351 1205 1744 1255 crassitudinem
1782 1205 2151 1272 particularum
2188 1206 2349 1257 abris:

216 1307 267 1348 et
292 1297 364 1347 sic
391 1315 545 1347 sonus
573 1308 804 1364 tempore
830 1296 1014 1346 minuti
1040 1296 1189 1346 unius
1218 1296 1426 1347 secundi
1453 1296 1691 1347 conficiet
1714 1296 1873 1364 pedes
1905 1303 2038 1347 1088
2068 1297 2284 1348 circiter.

290 1386 394 1437 His
433 1386 566 1436 adde
592 1386 729 1454 quod
757 1403 974 1453 vapores
1001 1385 1054 1434 in
1080 1387 1197 1436 a'e‘re
1235 1385 1467 1448 latentes,
1511 1384 1628 1436 cum
1670 1385 1771 1436 sint
1808 1384 2018 1435 alterius
2062 1386 2262 1436 elateris
2302 1398 2351 1437 et

215 1474 423 1525 alterius
449 1475 575 1535 toni,
617 1475 678 1541 (Β)
706 1474 793 1524 vix
812 1484 901 1524 aut
926 1491 991 1524 ne
1018 1473 1105 1523 vix
1130 1473 1339 1542 quidem
1363 1473 1674 1541 participant
1710 1481 1905 1523 motum
1935 1472 2065 1523 aeris
2102 1473 2211 1523 veri
2246 1492 2350 1542 quo

216 1562 329 1613 soni
364 1573 734 1631 propagantur.

270 1736 327 1784 (Υ)
359 1739 380 1761 ²*
405 1739 647 1784 Propagatur
674 1736 718 1773 in
746 1736 916 1773 instanti.
977 1735 1082 1772 Nam
1114 1747 1253 1783 corpus

214 1789 382 1826 solidum
401 1788 505 1837 quod
523 1787 746 1824 condensari
765 1800 844 1824 non
858 1794 993 1834 potest,
1013 1788 1108 1824 dum
1123 1800 1252 1824 move-

213 1849 289 1886 tur,
310 1848 436 1878 totum
454 1840 570 1877 simul
589 1847 779 1883 movetur,
800 1847 838 1876 et
855 1838 943 1876 ideo
959 1847 1089 1876 motus
1107 1842 1155 1877 ab
1173 1853 1253 1877 uno

214 1894 381 1942 corporis
413 1893 518 1929 illius
554 1901 725 1929 extremo
758 1892 809 1929 ad
837 1892 1002 1929 alterum
1037 1900 1253 1930 extremum

214 1953 446 1996 propagatur
459 1946 500 1981 in
520 1945 688 1982 instanti.

270 1999 329 2050 (Ζ)
352 2002 373 2023 *
398 2001 593 2036 Diameter
603 2000 807 2047 particuloe
824 2000 921 2036 aeris
939 1999 1020 2044 erit,
1040 1999 1109 2036 ἃς.
1157 1998 1252 2037 Fin-

213 2060 357 2102 gantur
387 2051 475 2088 cubi
508 2051 587 2088 duo
619 2051 797 2100 aequales,
833 2063 999 2100 quorum
1036 2051 1131 2089 alter
1166 2053 1253 2090 a‘ere

212 2105 352 2152 plenus
370 2105 430 2149 sit,
450 2104 545 2141 alter
562 2103 691 2140 medio
709 2105 892 2141 continuo
910 2103 1085 2154 ejusdem
1104 2105 1254 2143 circiter

214 2157 413 2195 densitatis
440 2169 530 2194 cum
559 2156 658 2205 aqua
676 2153 734 2193 vel
754 2157 906 2194 salibus.
968 2157 1061 2194 Hoc
1079 2158 1251 2195 medium

213 2210 445 2247 continuum
477 2208 641 2246 divisum
678 2209 727 2247 sit
761 2209 803 2245 in
833 2208 1037 2257 partIculas
1073 2211 1249 2258 aequales,

213 2262 455 2300 tenuissimas
468 2269 507 2299 et
524 2274 606 2299 sese
624 2269 762 2299 mutuo
773 2263 1061 2312 contingentes3
1083 2264 1147 2300 ae'r
1160 2264 1249 2302 ver&

213 2328 261 2352 ex
279 2315 502 2365 hujusmodi
520 2314 730 2363 particulis,
743 2328 830 2365 quae
845 2316 1054 2365 aequalibus
1067 2316 1249 2353 interval-

213 2368 262 2405 lis
279 2367 467 2405 distinctae
486 2367 572 2412 sint,
593 2375 749 2406 constet.
800 2368 955 2405 Harum
974 2368 1248 2416 particularum

213 2420 399 2458 diameter
430 2420 578 2458 dicatur
608 2421 661 2465 D,
691 2421 856 2469 spatium
883 2422 982 2458 inter
999 2421 1084 2458 illas
1101 2421 1141 2458 in
1161 2423 1247 2460 a'e‘re

212 2473 467 2522 interceptum
489 2474 527 2518 S,
556 2481 594 2510 et
613 2472 700 2511 ideo
725 2474 969 2511 intervalium
991 2474 1091 2511 inter
1118 2483 1247 2513 centra

212 2526 488 2574 particularum
507 2526 603 2564 a'e'ris
625 2527 651 2564 S
672 2527 725 2579 -{-
749 2528 803 2572 D,
833 2539 1018 2564 numerus
1043 2527 1248 2575 particula-

212 2591 301 2616 rum
328 2580 423 2617 a'e'ris
441 2580 479 2615 in
500 2592 579 2616 uno
606 2580 695 2617 cubi
724 2580 839 2617 latere
862 2581 914 2624 N,
944 2587 983 2617 et
1008 2580 1168 2628 proinde
1186 2594 1248 2618 ea-

212 2644 300 2670 rum
329 2645 514 2670 numerus
540 2632 580 2669 in
608 2635 708 2670 cubo
735 2641 815 2670 toto
833 2634 943 2670 a'e'reo
972 2633 1013 2670 N
1032 2635 1063 2679 3,
1094 2640 1132 2670 et
1150 2633 1250 2672 latus

212 2687 301 2723 cubi
331 2686 372 2722 N
395 2686 419 2721 S
439 2686 492 2737 -1-
515 2685 548 2721 N
573 2686 626 2722 D.
688 2686 745 2723 Sit
766 2686 813 2723 M
833 2698 1018 2722 numerus
1045 2686 1249 2734 particula-

212 2750 301 2775 rum
328 2738 483 2775 alterius
509 2738 626 2775 medii
652 2739 824 2775 continui
844 2739 884 2775 in
904 2751 983 2775 uno
1002 2739 1118 2776 latere
1144 2740 1246 2786 cubi,

213 2798 251 2828 et
268 2799 466 2840 propterea
486 2792 533 2827 M
547 2793 570 2818 3
589 2804 720 2828 earum
748 2804 933 2828 numerus
959 2792 999 2827 in
1027 2793 1127 2828 cubo
1153 2800 1245 2839 toto,

213 2857 257 2881 ac
291 2845 338 2881 M
363 2844 402 2881 D
431 2845 519 2881 cubi
551 2844 662 2880 latus.
726 2844 830 2887 Quia
860 2844 939 2881 duo
966 2845 1054 2881 cubi
1082 2845 1247 2894 aequales

212 2905 497 2945 supponuntur,
533 2897 603 2933 erit
635 2897 673 2933 N
697 2896 722 2933 S
742 2898 796 2948 -ἦ-
820 2898 857 2934 N
883 2898 923 2934 D
941 2914 998 2933 =
1021 2898 1066 2934 M
1091 2898 1143 2934 D.
1206 2899 1246 2936 Si

212 2949 378 2986 densitas
406 2950 501 2987 alitis
532 2950 580 2986 sit
612 2949 660 2986 ad
690 2949 915 2986 densitatem
947 2950 1102 2987 alterius
1130 2951 1247 2988 medii

213 3002 383 3039 continui
413 3011 457 3038 ut
479 3006 491 3038 l
518 3002 566 3038 ad
592 3004 654 3048 A;
680 3002 770 3051 quia
796 3004 950 3050 paribus
974 3003 1245 3050 voluminibus,

212 3054 420 3091 densitates
438 3063 527 3091 sunt
547 3063 590 3091 ut
608 3056 837 3104 quantitates
855 3057 1038 3101 materiae,
1057 3068 1145 3104 quae
1156 3065 1248 3095 sunt

212 3114 259 3144 ut
276 3108 425 3143 numeri
445 3108 718 3155 particularum
735 3108 1000 3158 magnitudine
1012 3115 1051 3145 et
1064 3109 1248 3147 densitate

213 3160 431 3210 aequalium,
459 3160 530 3197 erit
553 3165 568 3197 1
594 3176 602 3198 :
628 3162 664 3197 A
684 3177 741 3196 ,τ
765 3162 802 3198 Ν
823 3164 839 3188 3
862 3177 869 3198 :
897 3162 943 3199 M
965 3165 993 3206 3,
1024 3169 1062 3197 et
1080 3162 1169 3199 hinc
1193 3167 1208 3200 1
1233 3178 1241 3200 ε

215 3212 474 3283 A3¹3=N2
501 3244 561 3290 M,
582 3244 745 3295 ideoque
769 3214 1069 3284 M=NA}³.
1116 3247 1247 3291 Quare

212 3301 1243 3380 cumsitN8÷ND=MD=NDAJffl

212 3383 1166 3467 erits÷D=DA313,etS=D><[A313—‘
1190 3415 1251 3469 1]‚

212 3467 1248 3553 ideoqueD:s=12A&-1aep²:s÷n

212 3599 268 3619 =
293 3587 342 3621 1:
370 3583 409 3621 A
430 3551 472 3619 «713.
530 3583 623 3622 Jam
655 3585 685 3621 si
719 3593 883 3633 ponatur
918 3587 955 3623 A
985 3586 1065 3623 fere
1091 3585 1248 3637 aequalis

212 3680 376 3706 numero
395 3674 484 3710 870,
507 3668 577 3706 erit
596 3669 672 3706 sere
696 3669 732 3706 A
754 3638 782 3698 ἶ13
802 3686 859 3705 --
880 3675 903 3708 9
916 3684 927 3716 ;
954 3670 984 3706 si
1012 3670 1103 3709 vero
1129 3683 1249 3719 pona-

213 3728 278 3757 tur
300 3722 338 3758 A
357 3739 413 3759 =
439 3726 550 3766 1000,
571 3722 628 3759 vel
653 3724 688 3759 A
709 3739 766 3759 =
794 3727 902 3766 1100,
923 3723 982 3760 vel
1004 3725 1113 3760 A=
1132 3728 1244 3767 1200,

213 3804 284 3842 erit
310 3805 388 3845 sere
422 3808 456 3845 A
482 3775 508 3837 3¹3
530 3823 587 3843 ==
609 3811 658 3844 10
668 3823 681 3856 3
712 3807 815 3846 unde
843 3806 1026 3845 diameter
1048 3809 1088 3847 D
1117 3807 1249 3846 solida:

813 1561 915 1613 His
954 1571 1125 1613 autem
1163 1562 1555 1631 quiescentibUS,
1598 1571 1768 1612 motus
1793 1560 1881 1612 ille
1905 1560 2121 1612 celerius
2158 1579 2348 1629 propa-

1306 1735 1503 1784 particulae
1522 1735 1618 1773 a‘essris
1637 1735 1708 1773 erit
1726 1735 1775 1772 ad
1794 1735 2036 1772 intervallum
2061 1734 2088 1772 S
2108 1733 2160 1786 4-
2187 1733 2227 1771 D
2247 1731 2347 1770 inter

1306 1798 1436 1825 centra
1454 1789 1738 1836 particularum,
1761 1795 1806 1825 ut
1828 1793 1844 1825 l
1867 1788 1916 1825 ad
1937 1794 1960 1827 9
1980 1788 2039 1825 vel
2063 1793 2110 1825 10
2129 1787 2287 1831 circiter,
2309 1794 2348 1823 et

1307 1840 1357 1878 ad
1383 1841 1626 1878 intervallum
1658 1842 1684 1878 S
1713 1842 1812 1877 iuter
1838 1840 2042 1888 particulas
2067 1847 2112 1877 ut
2138 1844 2150 1877 1
2176 1839 2224 1876 ad
2244 1843 2266 1876 8
2287 1839 2346 1876 vel

1308 1899 1344 1932 9.
1406 1893 1575 1930 Proinde
1594 1894 1761 1941 spatium
1782 1901 1907 1930 totum
1919 1893 2023 1943 quod
2042 1891 2238 1941 particulae
2257 1892 2345 1929 soli-

1303 1946 1367 1983 dae
1387 1946 1427 1982 ἰὴ]
1447 1945 1549 1983 linea
1568 1946 1668 1983 recta
1688 1946 1775 1984 data
1803 1946 1937 1994 positae
1964 1952 2166 1993 occupant,
2196 1945 2266 1981 erit
2294 1945 2345 1981 ad

1305 2000 1469 2047 spatium
1498 2000 1689 2049 reliquum
1717 1999 1821 2048 quod
1849 1998 2054 2036 intervalla
2072 1998 2345 2046 particularum

1305 2052 1346 2088 in
1375 2050 1511 2089 eadem
1538 2050 1642 2088 linea
1669 2059 1811 2094 tenent,
1841 2056 1924 2088 ut‘l
1950 2051 1997 2089 ad
2020 2057 2041 2088 8
2062 2051 2120 2088 vel
2142 2056 2164 2089 9
2183 2050 2343 2096 circiter,

1307 2112 1346 2142 et
1373 2104 1421 2142 ad
1449 2112 1569 2141 totam
1600 2105 1742 2142 lineam
1769 2111 1813 2141 ut
1844 2108 1859 2141 1
1892 2104 1942 2141 ad
1962 2111 1985 2143 9
2004 2104 2064 2141 vel
2085 2108 2145 2141 10.
2208 2103 2281 2141 Sed
2312 2104 2344 2141 si

1306 2157 1416 2195 nulla
1434 2159 1619 2195 habeatur
1636 2159 1732 2195 ratio
1750 2157 2009 2194 crassitudinis
2029 2157 2235 2194 solidarum
2257 2169 2343 2204 par-

1304 2210 1511 2248 ticularum
1530 2211 1636 2253 aeris,
1667 2223 1784 2247 sonus
1802 2210 1944 2247 lineam
1962 2218 2103 2248 rectam
2124 2208 2238 2258 pedes
2266 2214 2343 2249 979

1303 2263 1464 2313 longam
1481 2271 1654 2312 'tempore
1673 2264 1813 2300 minuti
1832 2263 1949 2301 unius
1962 2263 2120 2300 secundi
2139 2262 2337 2300 describit:

1302 2329 1419 2366 quare
1438 2316 1529 2353 cum
1548 2329 1665 2353 sonus
1683 2329 1750 2365 per
1769 2316 1935 2363 spatium
1947 2323 2071 2353 totum
2088 2315 2192 2365 quod
2210 2315 2342 2352 solidae

1302 2369 1501 2417 particulae
1519 2369 1615 2406 a'eris
1634 2376 1836 2417 occupant,
1857 2369 1898 2405 in
1917 2369 2073 2406 instanti
2095 2376 2339 2418 propagetur,

1300 2430 1338 2459 et
1355 2422 1404 2459 sit
1424 2427 1448 2461 9
1467 2421 1515 2459 ad
1536 2426 1552 2458 1
1577 2429 1623 2459 ut
1641 2422 1742 2459 linea
1769 2421 1884 2469 pedes
1905 2425 1980 2460 979
2000 2422 2118 2470 longa
2145 2421 2194 2457 ad
2222 2421 2341 2468 ipsius

1300 2483 1447 2524 partem
1474 2487 1591 2525 quam
1618 2474 1815 2523 particulae
1842 2474 1974 2512 solidae
2001 2475 2097 2512 a'eris
2124 2481 2336 2521 occupant;

1302 2567 1448 2609 partem
1472 2559 1591 2606 illam,
1620 2572 1707 2610 quae
1726 2567 1782 2597 est
1800 2530 1889 2632 23—9,
1919 2572 1988 2596 seu
2011 2564 2084 2598 109
2102 2557 2248 2608 pedum
2266 2559 2321 2596 cir

1302 2645 1407 2690 citer,
1427 2644 1566 2683 addere
1583 2645 1672 2683 licet
1690 2644 1811 2693 spatio
1831 2649 1907 2685 979
1926 2644 2083 2693 pedum.

1357 2698 1417 2749 (a)
1439 2701 1460 2722 ²*
1492 2700 1558 2736 Vix
1584 2707 1653 2737 aut
1672 2711 1721 2736 ‘ne
1739 2700 1798 2735 viz·
1825 2700 1977 2748 quidem
1997 2698 2232 2747 participant
2258 2711 2337 2735 mo-

1302 2759 1387 2789 tum
1405 2753 1501 2789 a‘e‘ris
1519 2754 1597 2789 veri
1615 2765 1688 2801 quo
1708 2753 1790 2788 soni
1811 2758 2089 2801 propagantur.
2149 2750 2253 2786 Nam
2281 2751 2333 2787 vi-

1300 2805 1485 2841 bratorius
1516 2804 1788 2852 particularum
1820 2804 1916 2841 a'eris
1942 2811 2083 2849 motus,
2114 2814 2191 2851 quo
2219 2815 2336 2840 sonus

1298 2857 1534 2905 producitur,
1568 2858 1788 2904 corporibus
1820 2855 1991 2906 ejusdem
2022 2855 2104 2893 toni
2137 2855 2260 2900 facile,
2298 2863 2337 2892 at

1299 2910 1519 2958 corporibus
1545 2910 1702 2947 alterius
1727 2909 1875 2946 elateris
1894 2916 1932 2946 et
1949 2909 2105 2946 alterius
2132 2908 2211 2944 toni
2231 2907 2332 2958 aegre

1299 2970 1367 3000 aut
1402 2962 1511 2999 nullo
1549 2962 1666 3000 modo
1710 2962 1986 3000 communicari
2030 2969 2153 3009 potest
2200 2961 2329 3012 (517).

1305 3015 1421 3053 Unde
1440 3015 1470 3052 si
1490 3016 1741 3063 atmosphaera
1768 3022 1914 3052 constet
1941 3027 1987 3051 ex
2014 3014 2145 3051 decem
2164 3014 2335 3062 partibus

1300 3068 1397 3105 a'eriS
1415 3069 1493 3105 veri
1512 3076 1550 3106 et
1567 3068 1646 3105 una
1674 3076 1782 3116 parte
1809 3080 2003 3116 vaporum,
2033 3068 2156 3115 sitque
2175 3066 2334 3114 proinde
2389 3077 2392 3079 ·

1302 3128 1426 3158 totum
1452 3121 1606 3169 pondus
1632 3122 1894 3168 atmosphaerae
1912 3120 1960 3157 ad
1979 3119 2131 3168 pondus
2149 3131 2333 3167 vaporum

1301 3183 1346 3211 ut
1369 3178 1408 3211 11
1434 3174 1483 3211 ad
1505 3179 1539 3219 l,
1575 3181 1612 3211 et
1643 3173 1692 3211 ad
1718 3174 1871 3221 pondus
1897 3173 1994 3210 a'e'ris
2019 3172 2109 3216 veri,
2143 3171 2333 3209 subducto

1300 3226 1468 3274 pondere
1497 3240 1693 3275 vaporum,
1719 3225 1764 3263 u't
1794 3231 1836 3264 11
1868 3225 1917 3263 ad
1948 3230 2006 3269 10,
2040 3224 2252 3262 minuenda
2277 3231 2335 3262 est

1299 3280 1491 3328 quantitas
1509 3280 1678 3317 materiae
1694 3278 1894 3315 movendae
1913 3278 1952 3314 in
1971 3277 2118 3315 ratione
2136 3281 2175 3314 11
2196 3277 2246 3314 ad
2269 3281 2329 3314 10.

1303 3332 1378 3369 Sed
1397 3334 1428 3369 si
1446 3333 1611 3370 densitas
1629 3331 1756 3375 medii,
1778 3331 1856 3368 sive
1869 3331 2059 3380 quantitas
2077 3330 2244 3367 materiae
2262 3331 2334 3367 sub

1301 3385 1390 3422 dato
1408 3385 1602 3422 volumine
1614 3392 1815 3430 contentae,
1836 3385 1980 3421 caeteris
1994 3383 2159 3432 paribus,
2180 3382 2332 3419 minua-

1301 3445 1375 3481 tur,
1397 3438 1575 3475 veiocitas
1593 3438 1673 3475 soni
1693 3445 1859 3487 augetur
1877 3437 1916 3473 in
1936 3435 2068 3473 eadem
2080 3434 2225 3473 ratione
2243 3436 2332 3471 sub-

1302 3489 1498 3539 duplicata
1535 3493 1619 3541 (per
1649 3490 1764 3538 Prop.
1798 3489 2051 3538 XLVHIQ.
2114 3489 2244 3532 Quare
2273 3487 2332 3538 (in

1305 3544 1414 3592 Hyp.
1440 3543 1590 3593 Newt.)
1612 3543 1789 3580 velocitas
1815 3543 1900 3579 soni
1926 3541 2105 3590 augenda
2122 3548 2178 3577 est
2203 3540 2251 3593 in·
2271 3551 2331 3575 ra·-

1301 3596 1405 3633 tione
1431 3594 1696 3644 subduplicata
1719 3600 1768 3633 10
1786 3594 1835 3632 ad
1860 3599 1917 3639 11,
1947 3594 2005 3631 vel
2025 3594 2065 3630 in
2083 3591 2232 3642 integra
2260 3592 2332 3628 cir-

1302 3648 1395 3686 citer
1412 3649 1558 3686 radone
1571 3654 1621 3686 20
1640 3648 1688 3685 ad
1709 3653 1752 3686 21
1770 3662 1782 3695 ;
1803 3655 1841 3685 et
1858 3645 1945 3685 ideo
1957 3646 2119 3694 spatium
2135 3645 2224 3682 dato
2235 3652 2332 3682 tem·

1302 3714 1394 3750 pore
1425 3701 1567 3739 minuti
1596 3701 1714 3738 unius
1748 3700 1907 3738 secundi
1944 3698 2190 3746 descriptum,
2227 3697 2332 3746 quod

1302 3762 1381 3791 erat
1404 3759 1502 3792 1088
1521 3753 1677 3802 pedum.
1693 3753 1917 3803 augendum
1932 3752 1969 3788 iu
1984 3752 2129 3788 ratione
2141 3756 2191 3788 20
2205 3751 2252 3787 ad
2266 3754 2328 3787 21.

1304 3807 1378 3846 Est
1401 3814 1531 3846 autem
1549 3806 1628 3845 fere
1647 3812 1700 3845 20
1717 3807 1766 3845 ad
1785 3811 1830 3844 ‘21
1854 3813 1899 3844 ut
1922 3808 2019 3842 1088
2038 3803 2086 3841 ad
2111 3808 2222 3841 1142.
