<?xml version="1.0" encoding="UTF-8"?>
<!DOCTYPE html PUBLIC "-//W3C//DTD XHTML 1.0 Transitional//EN"
    "http://www.w3.org/TR/xhtml1/DTD/xhtml1-transitional.dtd">
<html xmlns="http://www.w3.org/1999/xhtml" xml:lang="en" lang="en">
 <head>
  <title>
</title>
<meta http-equiv="Content-Type" content="text/html;charset=utf-8" />
  <meta name='ocr-system' content='tesseract 3.04.00' />
  <meta name='ocr-capabilities' content='ocr_page ocr_carea ocr_par ocr_line ocrx_word'/>
</head>
<body>
  <div class='ocr_page' id='page_1' title='image "./philonatrualprin02newtrich_0095.png"; bbox 0 0 2502 4192; ppageno 0'>
   <div class='ocr_carea' id='block_1_1' title="bbox 0 2097 17 2249">
    <p class='ocr_par' dir='ltr' id='par_1_1' title="bbox 0 2097 23 2249">
     <span class='ocr_line' id='line_1_1' title="bbox 0 2097 17 2249; textangle 90"><span class='ocrx_word' id='word_1_1' title='bbox 0 2126 17 2249; x_wconf 54' lang='lat' dir='ltr'><strong>&#39;We&#39;</strong></span> <span class='ocrx_word' id='word_1_2' title='bbox 0 2097 6 2117; x_wconf 58' lang='lat'><strong>‘⁷⁷&#39;</strong></span> 
     </span>
    </p>
   </div>
   <div class='ocr_carea' id='block_1_2' title="bbox 0 3615 38 4054">
    <p class='ocr_par' dir='ltr' id='par_1_2' title="bbox 0 3615 38 4054">
     <span class='ocr_line' id='line_1_2' title="bbox 0 3615 38 4054; baseline 0 138"><span class='ocrx_word' id='word_1_3' title='bbox 0 3615 38 4054; x_wconf 95' lang='lat' dir='ltr'><strong> </strong></span> 
     </span>
    </p>
   </div>
   <div class='ocr_carea' id='block_1_3' title="bbox 126 291 2258 363">
    <p class='ocr_par' dir='ltr' id='par_1_3' title="bbox 126 291 2258 363">
     <span class='ocr_line' id='line_1_3' title="bbox 126 291 2258 363; baseline -0.007 -10"><span class='ocrx_word' id='word_1_4' title='bbox 126 305 311 354; x_wconf 79' lang='lat' dir='ltr'><strong>LIBER</strong></span> <span class='ocrx_word' id='word_1_5' title='bbox 340 301 610 363; x_wconf 75' lang='lat' dir='ltr'><strong>SECUND.]</strong></span> <span class='ocrx_word' id='word_1_6' title='bbox 686 299 688 301; x_wconf 67' lang='grc'>’</span> <span class='ocrx_word' id='word_1_7' title='bbox 723 296 1123 350; x_wconf 89' lang='lat' dir='ltr'>PRINCIPIA</span> <span class='ocrx_word' id='word_1_8' title='bbox 1165 291 1782 347; x_wconf 88' lang='lat' dir='ltr'>MATHEMATICA.</span> <span class='ocrx_word' id='word_1_9' title='bbox 2193 295 2258 340; x_wconf 84' lang='grc'><strong>83</strong></span> 
     </span>
    </p>
   </div>
   <div class='ocr_carea' id='block_1_4' title="bbox 116 428 2260 775">
    <p class='ocr_par' dir='ltr' id='par_1_4' title="bbox 116 428 2260 775">
     <span class='ocr_line' id='line_1_4' title="bbox 119 428 2260 511; baseline -0.005 -20"><span class='ocrx_word' id='word_1_10' title='bbox 119 439 417 511; x_wconf 74' lang='lat' dir='ltr'>hyperbolae</span> <span class='ocrx_word' id='word_1_11' title='bbox 442 439 496 489; x_wconf 92' lang='lat' dir='ltr'><strong>in</strong></span> <span class='ocrx_word' id='word_1_12' title='bbox 521 456 735 490; x_wconf 87' lang='lat' dir='ltr'><strong>ascensu</strong></span> <span class='ocrx_word' id='word_1_13' title='bbox 755 437 984 505; x_wconf 90' lang='lat' dir='ltr'><strong>corporis</strong></span> <span class='ocrx_word' id='word_1_14' title='bbox 1023 437 1088 488; x_wconf 89' lang='lat' dir='ltr'><strong>ab</strong></span> <span class='ocrx_word' id='word_1_15' title='bbox 1125 436 1192 498; x_wconf 92' lang='lat' dir='ltr'><strong>A,</strong></span> <span class='ocrx_word' id='word_1_16' title='bbox 1239 445 1289 486; x_wconf 94' lang='lat' dir='ltr'><strong>et</strong></span> <span class='ocrx_word' id='word_1_17' title='bbox 1312 434 1481 484; x_wconf 90' lang='lat' dir='ltr'><strong>minus</strong></span> <span class='ocrx_word' id='word_1_18' title='bbox 1519 441 1771 484; x_wconf 82' lang='lat' dir='ltr'><strong>accuratae</strong></span> <span class='ocrx_word' id='word_1_19' title='bbox 1795 430 1850 480; x_wconf 90' lang='lat' dir='ltr'><strong>in</strong></span> <span class='ocrx_word' id='word_1_20' title='bbox 1875 430 1983 498; x_wconf 91' lang='lat' dir='ltr'><strong>ejus</strong></span> <span class='ocrx_word' id='word_1_21' title='bbox 2009 428 2260 480; x_wconf 86' lang='lat' dir='ltr'><strong>descensu</strong></span> 
     </span>
     <span class='ocr_line' id='line_1_5' title="bbox 119 521 2260 599; baseline -0.007 -15"><span class='ocrx_word' id='word_1_22' title='bbox 119 532 185 583; x_wconf 90' lang='lat' dir='ltr'><strong>ad</strong></span> <span class='ocrx_word' id='word_1_23' title='bbox 214 532 294 593; x_wconf 85' lang='lat' dir='ltr'><strong>K3</strong></span> <span class='ocrx_word' id='word_1_24' title='bbox 339 540 391 583; x_wconf 91' lang='lat' dir='ltr'><strong>et</strong></span> <span class='ocrx_word' id='word_1_25' title='bbox 415 540 607 582; x_wconf 88' lang='lat' dir='ltr'><strong>contra.</strong></span> <span class='ocrx_word' id='word_1_26' title='bbox 686 529 995 599; x_wconf 87' lang='lat' dir='ltr'><strong>Hyperbola</strong></span> <span class='ocrx_word' id='word_1_27' title='bbox 1034 527 1212 579; x_wconf 88' lang='lat' dir='ltr'><strong>conica</strong></span> <span class='ocrx_word' id='word_1_28' title='bbox 1249 525 1564 575; x_wconf 84' lang='lat' dir='ltr'>mediocrem</span> <span class='ocrx_word' id='word_1_29' title='bbox 1589 521 1841 574; x_wconf 85' lang='lat' dir='ltr'><strong>rationem</strong></span> <span class='ocrx_word' id='word_1_30' title='bbox 1879 529 2035 582; x_wconf 87' lang='lat' dir='ltr'><strong>tenet,</strong></span> <span class='ocrx_word' id='word_1_31' title='bbox 2083 528 2260 587; x_wconf 91' lang='lat' dir='ltr'><strong>estque</strong></span> 
     </span>
     <span class='ocr_line' id='line_1_6' title="bbox 118 607 2254 688; baseline -0.007 -18"><span class='ocrx_word' id='word_1_32' title='bbox 118 620 314 672; x_wconf 82' lang='lat' dir='ltr'><strong>caeteris</strong></span> <span class='ocrx_word' id='word_1_33' title='bbox 341 618 636 688; x_wconf 85' lang='lat' dir='ltr'><strong>simplicior.</strong></span> <span class='ocrx_word' id='word_1_34' title='bbox 712 617 880 687; x_wconf 85' lang='lat' dir='ltr'><strong>Igitur</strong></span> <span class='ocrx_word' id='word_1_35' title='bbox 906 617 947 667; x_wconf 90' lang='lat' dir='ltr'><strong>si</strong></span> <span class='ocrx_word' id='word_1_36' title='bbox 974 614 1260 685; x_wconf 85' lang='lat' dir='ltr'><strong>hyperbola</strong></span> <span class='ocrx_word' id='word_1_37' title='bbox 1285 615 1351 665; x_wconf 92' lang='lat' dir='ltr'><strong>sit</strong></span> <span class='ocrx_word' id='word_1_38' title='bbox 1374 613 1526 681; x_wconf 88' lang='lat' dir='ltr'><strong>hujus</strong></span> <span class='ocrx_word' id='word_1_39' title='bbox 1550 611 1771 682; x_wconf 89' lang='lat' dir='ltr'><strong>generis,</strong></span> <span class='ocrx_word' id='word_1_40' title='bbox 1816 618 1866 660; x_wconf 89' lang='lat' dir='ltr'><strong>et</strong></span> <span class='ocrx_word' id='word_1_41' title='bbox 1902 617 2154 676; x_wconf 90' lang='lat' dir='ltr'><strong>punctum</strong></span> <span class='ocrx_word' id='word_1_42' title='bbox 2184 607 2254 669; x_wconf 86' lang='lat' dir='ltr'><strong>K,</strong></span> 
     </span>
     <span class='ocr_line' id='line_1_7' title="bbox 116 696 2260 775; baseline -0.006 -16"><span class='ocrx_word' id='word_1_43' title='bbox 116 708 207 760; x_wconf 90' lang='lat' dir='ltr'><strong>ubi</strong></span> <span class='ocrx_word' id='word_1_44' title='bbox 250 725 435 775; x_wconf 90' lang='lat' dir='ltr'><strong>corpus</strong></span> <span class='ocrx_word' id='word_1_45' title='bbox 476 707 765 775; x_wconf 85' lang='lat' dir='ltr'><strong>projectum</strong></span> <span class='ocrx_word' id='word_1_46' title='bbox 806 703 998 754; x_wconf 82' lang='lat' dir='ltr'><strong>incidet</strong></span> <span class='ocrx_word' id='word_1_47' title='bbox 1035 703 1090 753; x_wconf 93' lang='lat' dir='ltr'><strong>in</strong></span> <span class='ocrx_word' id='word_1_48' title='bbox 1129 712 1323 753; x_wconf 89' lang='lat' dir='ltr'><strong>rectam</strong></span> <span class='ocrx_word' id='word_1_49' title='bbox 1367 700 1597 771; x_wconf 87' lang='lat' dir='ltr'><strong>quamvis</strong></span> <span class='ocrx_word' id='word_1_50' title='bbox 1643 700 1694 751; x_wconf 96' lang='lat' dir='ltr'>A</span> <span class='ocrx_word' id='word_1_51' title='bbox 1721 698 1774 751; x_wconf 95' lang='lat' dir='ltr'>N</span> <span class='ocrx_word' id='word_1_52' title='bbox 1810 716 1904 767; x_wconf 85' lang='lat' dir='ltr'><strong>per</strong></span> <span class='ocrx_word' id='word_1_53' title='bbox 1928 707 2181 766; x_wconf 89' lang='lat' dir='ltr'><strong>punctum</strong></span> <span class='ocrx_word' id='word_1_54' title='bbox 2209 696 2260 747; x_wconf 96' lang='lat' dir='ltr'>A</span> 
     </span>
    </p>
   </div>
   <div class='ocr_carea' id='block_1_5' title="bbox 112 800 1153 1758">
    <p class='ocr_par' dir='ltr' id='par_1_5' title="bbox 115 800 1153 1135">
     <span class='ocr_line' id='line_1_8' title="bbox 123 800 1153 863; baseline -0.009 -14"><span class='ocrx_word' id='word_1_55' title='bbox 123 806 490 857; x_wconf 81' lang='lat' dir='ltr'><strong>transeuntem,</strong></span> <span class='ocrx_word' id='word_1_56' title='bbox 555 802 841 863; x_wconf 81' lang='lat' dir='ltr'><strong>quaeratur:</strong></span> <span class='ocrx_word' id='word_1_57' title='bbox 917 800 1153 842; x_wconf 89' lang='lat' dir='ltr'><strong>occurrat</strong></span> 
     </span>
     <span class='ocr_line' id='line_1_9' title="bbox 119 880 1145 958; baseline -0.008 -18"><span class='ocrx_word' id='word_1_58' title='bbox 119 889 371 958; x_wconf 90' lang='lat' dir='ltr'><strong>producta</strong></span> <span class='ocrx_word' id='word_1_59' title='bbox 390 887 439 938; x_wconf 94' lang='lat' dir='ltr'>A</span> <span class='ocrx_word' id='word_1_60' title='bbox 452 886 507 937; x_wconf 93' lang='lat' dir='ltr'>N</span> <span class='ocrx_word' id='word_1_61' title='bbox 522 883 819 955; x_wconf 81' lang='lat' dir='ltr'><strong>asymptotis</strong></span> <span class='ocrx_word' id='word_1_62' title='bbox 838 881 902 933; x_wconf 93' lang='lat' dir='ltr'>M</span> <span class='ocrx_word' id='word_1_63' title='bbox 920 882 994 945; x_wconf 88' lang='lat' dir='ltr'><strong>X,</strong></span> <span class='ocrx_word' id='word_1_64' title='bbox 1018 881 1071 933; x_wconf 95' lang='lat' dir='ltr'>N</span> <span class='ocrx_word' id='word_1_65' title='bbox 1089 880 1145 932; x_wconf 96' lang='lat' dir='ltr'><strong>X</strong></span> 
     </span>
     <span class='ocr_line' id='line_1_10' title="bbox 115 970 1150 1039; baseline -0.009 -10"><span class='ocrx_word' id='word_1_66' title='bbox 115 980 171 1029; x_wconf 90' lang='lat' dir='ltr'><strong>in</strong></span> <span class='ocrx_word' id='word_1_67' title='bbox 216 976 280 1028; x_wconf 91' lang='lat' dir='ltr'>M</span> <span class='ocrx_word' id='word_1_68' title='bbox 318 985 371 1028; x_wconf 92' lang='lat' dir='ltr'><strong>et</strong></span> <span class='ocrx_word' id='word_1_69' title='bbox 408 976 478 1037; x_wconf 92' lang='lat' dir='ltr'><strong>N,</strong></span> <span class='ocrx_word' id='word_1_70' title='bbox 526 985 576 1026; x_wconf 90' lang='lat' dir='ltr'><strong>et</strong></span> <span class='ocrx_word' id='word_1_71' title='bbox 613 981 847 1026; x_wconf 77' lang='lat' dir='ltr'><strong>sumatur</strong></span> <span class='ocrx_word' id='word_1_72' title='bbox 881 971 935 1029; x_wconf 91' lang='lat' dir='ltr'>N</span> <span class='ocrx_word' id='word_1_73' title='bbox 962 970 1013 1021; x_wconf 89' lang='lat' dir='ltr'><strong>K</strong></span> <span class='ocrx_word' id='word_1_74' title='bbox 1052 970 1150 1039; x_wconf 89' lang='lat' dir='ltr'><strong>ipsi</strong></span> 
     </span>
     <span class='ocr_line' id='line_1_11' title="bbox 119 1065 513 1135; baseline -0.013 -16"><span class='ocrx_word' id='word_1_75' title='bbox 119 1068 170 1119; x_wconf 92' lang='lat' dir='ltr'>A</span> <span class='ocrx_word' id='word_1_76' title='bbox 197 1066 261 1118; x_wconf 95' lang='lat' dir='ltr'>M</span> <span class='ocrx_word' id='word_1_77' title='bbox 287 1065 513 1135; x_wconf 81' lang='lat' dir='ltr'><strong>aequalis,</strong></span> 
     </span>
    </p>

    <p class='ocr_par' dir='ltr' id='par_1_6' title="bbox 112 1150 1150 1758">
     <span class='ocr_line' id='line_1_12' title="bbox 189 1150 1148 1223; baseline -0.005 -17"><span class='ocrx_word' id='word_1_78' title='bbox 189 1157 316 1223; x_wconf 80' lang='lat' dir='ltr'><strong>Reg.</strong></span> <span class='ocrx_word' id='word_1_79' title='bbox 347 1162 395 1206; x_wconf 88' lang='lat'><strong>7.</strong></span> <span class='ocrx_word' id='word_1_80' title='bbox 437 1154 507 1205; x_wconf 90' lang='lat' dir='ltr'><strong>Et</strong></span> <span class='ocrx_word' id='word_1_81' title='bbox 530 1153 652 1204; x_wconf 92' lang='lat' dir='ltr'><strong>hinc</strong></span> <span class='ocrx_word' id='word_1_82' title='bbox 676 1152 841 1221; x_wconf 90' lang='lat' dir='ltr'><strong>liquet</strong></span> <span class='ocrx_word' id='word_1_83' title='bbox 876 1150 1148 1202; x_wconf 88' lang='lat' dir='ltr'><strong>methodus</strong></span> 
     </span>
     <span class='ocr_line' id='line_1_13' title="bbox 118 1240 1149 1312; baseline -0.005 -17"><span class='ocrx_word' id='word_1_84' title='bbox 118 1243 359 1312; x_wconf 81' lang='lat' dir='ltr'><strong>expedita</strong></span> <span class='ocrx_word' id='word_1_85' title='bbox 396 1242 780 1294; x_wconf 86' lang='lat' dir='ltr'><strong>determinandi</strong></span> <span class='ocrx_word' id='word_1_86' title='bbox 803 1240 937 1292; x_wconf 89' lang='lat' dir='ltr'><strong>hanc</strong></span> <span class='ocrx_word' id='word_1_87' title='bbox 960 1240 1149 1309; x_wconf 89' lang='lat' dir='ltr'><strong>hyper-</strong></span> 
     </span>
     <span class='ocr_line' id='line_1_14' title="bbox 116 1331 1147 1401; baseline -0.004 -17"><span class='ocrx_word' id='word_1_88' title='bbox 116 1334 289 1385; x_wconf 85' lang='lat' dir='ltr'><strong>bolam</strong></span> <span class='ocrx_word' id='word_1_89' title='bbox 315 1350 383 1384; x_wconf 84' lang='lat' dir='ltr'><strong>ex</strong></span> <span class='ocrx_word' id='word_1_90' title='bbox 414 1332 785 1401; x_wconf 87' lang='lat' dir='ltr'><strong>phaenomeniS.</strong></span> <span class='ocrx_word' id='word_1_91' title='bbox 866 1331 1147 1399; x_wconf 89' lang='lat' dir='ltr'><strong>Projician—</strong></span> 
     </span>
     <span class='ocr_line' id='line_1_15' title="bbox 117 1417 1145 1491; baseline -0.005 -17"><span class='ocrx_word' id='word_1_92' title='bbox 117 1433 203 1474; x_wconf 92' lang='lat' dir='ltr'><strong>tur</strong></span> <span class='ocrx_word' id='word_1_93' title='bbox 228 1439 453 1491; x_wconf 87' lang='lat' dir='ltr'><strong>corpora</strong></span> <span class='ocrx_word' id='word_1_94' title='bbox 489 1421 593 1472; x_wconf 92' lang='lat' dir='ltr'><strong>duo</strong></span> <span class='ocrx_word' id='word_1_95' title='bbox 627 1417 811 1472; x_wconf 77' lang='lat' dir='ltr'><strong>similla</strong></span> <span class='ocrx_word' id='word_1_96' title='bbox 836 1430 888 1471; x_wconf 93' lang='lat' dir='ltr'><strong>et</strong></span> <span class='ocrx_word' id='word_1_97' title='bbox 913 1420 1145 1489; x_wconf 81' lang='lat' dir='ltr'><strong>aequalia,</strong></span> 
     </span>
     <span class='ocr_line' id='line_1_16' title="bbox 117 1500 1150 1579; baseline -0.003 -16"><span class='ocrx_word' id='word_1_98' title='bbox 117 1511 302 1564; x_wconf 68' lang='lat' dir='ltr'><strong>eadem</strong></span> <span class='ocrx_word' id='word_1_99' title='bbox 326 1512 610 1572; x_wconf 88' lang='lat' dir='ltr'><strong>velocitate,</strong></span> <span class='ocrx_word' id='word_1_100' title='bbox 648 1511 703 1560; x_wconf 92' lang='lat' dir='ltr'><strong>in</strong></span> <span class='ocrx_word' id='word_1_101' title='bbox 740 1500 941 1579; x_wconf 83' lang='lat' dir='ltr'><strong>angulis</strong></span> <span class='ocrx_word' id='word_1_102' title='bbox 981 1508 1150 1560; x_wconf 89' lang='lat' dir='ltr'><strong>diver-</strong></span> 
     </span>
     <span class='ocr_line' id='line_1_17' title="bbox 115 1597 1148 1667; baseline -0.003 -16"><span class='ocrx_word' id='word_1_103' title='bbox 115 1601 181 1651; x_wconf 90' lang='lat' dir='ltr'><strong>sis</strong></span> <span class='ocrx_word' id='word_1_104' title='bbox 218 1600 280 1651; x_wconf 95' lang='lat' dir='ltr'>H</span> <span class='ocrx_word' id='word_1_105' title='bbox 307 1602 358 1651; x_wconf 97' lang='lat' dir='ltr'>A</span> <span class='ocrx_word' id='word_1_106' title='bbox 386 1599 455 1661; x_wconf 83' lang='lat' dir='ltr'><strong>K,</strong></span> <span class='ocrx_word' id='word_1_107' title='bbox 495 1598 531 1649; x_wconf 93' lang='lat' dir='ltr'><strong>h</strong></span> <span class='ocrx_word' id='word_1_108' title='bbox 557 1599 607 1649; x_wconf 95' lang='lat' dir='ltr'>A</span> <span class='ocrx_word' id='word_1_109' title='bbox 631 1598 684 1660; x_wconf 90' lang='lat' dir='ltr'><strong>k,</strong></span> <span class='ocrx_word' id='word_1_110' title='bbox 724 1597 1054 1667; x_wconf 88' lang='lat' dir='ltr'><strong>incidantque</strong></span> <span class='ocrx_word' id='word_1_111' title='bbox 1093 1598 1148 1648; x_wconf 90' lang='lat' dir='ltr'><strong>in</strong></span> 
     </span>
     <span class='ocr_line' id='line_1_18' title="bbox 112 1686 1140 1758; baseline -0.002 -18"><span class='ocrx_word' id='word_1_112' title='bbox 112 1689 325 1758; x_wconf 90' lang='lat' dir='ltr'><strong>planum</strong></span> <span class='ocrx_word' id='word_1_113' title='bbox 347 1687 625 1739; x_wconf 81' lang='lat' dir='ltr'><strong>horizontis</strong></span> <span class='ocrx_word' id='word_1_114' title='bbox 650 1686 704 1737; x_wconf 90' lang='lat' dir='ltr'><strong>in</strong></span> <span class='ocrx_word' id='word_1_115' title='bbox 734 1686 787 1737; x_wconf 91' lang='lat' dir='ltr'>K</span> <span class='ocrx_word' id='word_1_116' title='bbox 813 1697 864 1738; x_wconf 91' lang='lat' dir='ltr'><strong>et</strong></span> <span class='ocrx_word' id='word_1_117' title='bbox 887 1687 923 1737; x_wconf 92' lang='lat' dir='ltr'><strong>k</strong></span> <span class='ocrx_word' id='word_1_118' title='bbox 937 1706 951 1748; x_wconf 87' lang='lat'><em>3</em></span> <span class='ocrx_word' id='word_1_119' title='bbox 980 1697 1031 1739; x_wconf 92' lang='lat' dir='ltr'><strong>et</strong></span> <span class='ocrx_word' id='word_1_120' title='bbox 1047 1706 1140 1738; x_wconf 93' lang='lat' dir='ltr'><strong>no-</strong></span> 
     </span>
    </p>
   </div>
   <div class='ocr_carea' id='block_1_6' title="bbox 114 1775 1147 1846">
    <p class='ocr_par' dir='ltr' id='par_1_7' title="bbox 114 1775 1147 1846">
     <span class='ocr_line' id='line_1_19' title="bbox 114 1775 1147 1846; baseline -0.001 -17"><span class='ocrx_word' id='word_1_121' title='bbox 114 1788 251 1830; x_wconf 89' lang='lat' dir='ltr'><strong>tetur</strong></span> <span class='ocrx_word' id='word_1_122' title='bbox 285 1778 555 1846; x_wconf 84' lang='lat' dir='ltr'><strong>proportio</strong></span> <span class='ocrx_word' id='word_1_123' title='bbox 581 1777 632 1828; x_wconf 95' lang='lat' dir='ltr'>A</span> <span class='ocrx_word' id='word_1_124' title='bbox 662 1775 714 1827; x_wconf 91' lang='lat' dir='ltr'><strong>K</strong></span> <span class='ocrx_word' id='word_1_125' title='bbox 752 1775 819 1827; x_wconf 90' lang='lat' dir='ltr'><strong>ad</strong></span> <span class='ocrx_word' id='word_1_126' title='bbox 858 1776 909 1827; x_wconf 96' lang='lat' dir='ltr'>A</span> <span class='ocrx_word' id='word_1_127' title='bbox 933 1777 987 1827; x_wconf 89' lang='lat' dir='ltr'><strong>k.</strong></span> <span class='ocrx_word' id='word_1_128' title='bbox 1069 1777 1147 1830; x_wconf 88' lang='lat' dir='ltr'><strong>Sit</strong></span> 
     </span>
    </p>
   </div>
   <div class='ocr_carea' id='block_1_7' title="bbox 115 1866 396 1918">
    <p class='ocr_par' dir='ltr' id='par_1_8' title="bbox 115 1866 396 1918">
     <span class='ocr_line' id='line_1_20' title="bbox 115 1866 396 1918; baseline -0.004 0"><span class='ocrx_word' id='word_1_129' title='bbox 115 1886 177 1918; x_wconf 88' lang='lat' dir='ltr'><strong>ea</strong></span> <span class='ocrx_word' id='word_1_130' title='bbox 201 1866 235 1918; x_wconf 94' lang='lat' dir='ltr'><strong>d</strong></span> <span class='ocrx_word' id='word_1_131' title='bbox 260 1866 327 1918; x_wconf 88' lang='lat' dir='ltr'><strong>ad</strong></span> <span class='ocrx_word' id='word_1_132' title='bbox 351 1885 396 1918; x_wconf 92' lang='lat' dir='ltr'><strong>e.</strong></span> 
     </span>
    </p>
   </div>
   <div class='ocr_carea' id='block_1_8' title="bbox 1251 861 2223 1673">
    <p class='ocr_par' dir='ltr' id='par_1_9' title="bbox 1251 861 2223 1673">
     <span class='ocr_line' id='line_1_21' title="bbox 1251 861 2223 1673; baseline 0 -57"><span class='ocrx_word' id='word_1_133' title='bbox 1251 861 2200 1673; x_wconf 95' lang='lat' dir='ltr'><strong>   </strong></span> <span class='ocrx_word' id='word_1_134' title='bbox 2066 1547 2223 1673; x_wconf 95' lang='lat' dir='ltr'><strong> </strong></span> 
     </span>
    </p>
   </div>
   <div class='ocr_carea' id='block_1_9' title="bbox 1224 1632 2066 1740">
    <p class='ocr_par' dir='ltr' id='par_1_10' title="bbox 1224 1632 2066 1740">
     <span class='ocr_line' id='line_1_22' title="bbox 1224 1632 2066 1740; baseline 0.004 -63"><span class='ocrx_word' id='word_1_135' title='bbox 1224 1636 1294 1677; x_wconf 85' lang='lat' dir='ltr'>M</span> <span class='ocrx_word' id='word_1_136' title='bbox 1368 1638 1417 1740; x_wconf 38' lang='lat' dir='ltr'><strong>ci:</strong></span> <span class='ocrx_word' id='word_1_137' title='bbox 1854 1632 1962 1677; x_wconf 64' lang='lat'><strong>141&lt;</strong></span> <span class='ocrx_word' id='word_1_138' title='bbox 2013 1636 2066 1680; x_wconf 87' lang='lat' dir='ltr'>N</span> 
     </span>
    </p>
   </div>
   <div class='ocr_carea' id='block_1_10' title="bbox 470 1865 2256 1937">
    <p class='ocr_par' dir='ltr' id='par_1_11' title="bbox 470 1865 2256 1937">
     <span class='ocr_line' id='line_1_23' title="bbox 470 1865 2256 1937; baseline 0.001 -20"><span class='ocrx_word' id='word_1_139' title='bbox 470 1866 611 1917; x_wconf 92' lang='lat' dir='ltr'><strong>Tum</strong></span> <span class='ocrx_word' id='word_1_140' title='bbox 636 1874 806 1917; x_wconf 87' lang='lat' dir='ltr'><strong>erecto</strong></span> <span class='ocrx_word' id='word_1_141' title='bbox 844 1865 1065 1934; x_wconf 91' lang='lat' dir='ltr'><strong>cujusvis</strong></span> <span class='ocrx_word' id='word_1_142' title='bbox 1103 1865 1440 1937; x_wconf 82' lang='lat' dir='ltr'><strong>longitudinis</strong></span> <span class='ocrx_word' id='word_1_143' title='bbox 1478 1865 1852 1935; x_wconf 85' lang='lat' dir='ltr'><strong>perpendiculo</strong></span> <span class='ocrx_word' id='word_1_144' title='bbox 1890 1866 1941 1918; x_wconf 93' lang='lat' dir='ltr'>A</span> <span class='ocrx_word' id='word_1_145' title='bbox 1969 1866 2012 1929; x_wconf 96' lang='lat' dir='ltr'><strong>I,</strong></span> <span class='ocrx_word' id='word_1_146' title='bbox 2054 1886 2256 1919; x_wconf 90' lang='lat' dir='ltr'><strong>assume</strong></span> 
     </span>
    </p>
   </div>
   <div class='ocr_carea' id='block_1_11' title="bbox 120 1954 2254 2031">
    <p class='ocr_par' dir='ltr' id='par_1_12' title="bbox 120 1954 2254 2031">
     <span class='ocr_line' id='line_1_24' title="bbox 120 1954 2254 2031; baseline 0.001 -23"><span class='ocrx_word' id='word_1_147' title='bbox 120 1967 382 2026; x_wconf 91' lang='lat' dir='ltr'><strong>utcunque</strong></span> <span class='ocrx_word' id='word_1_148' title='bbox 405 1954 780 2027; x_wconf 86' lang='lat' dir='ltr'><strong>longitudinem</strong></span> <span class='ocrx_word' id='word_1_149' title='bbox 805 1956 857 2006; x_wconf 94' lang='lat' dir='ltr'>A</span> <span class='ocrx_word' id='word_1_150' title='bbox 884 1955 946 2006; x_wconf 95' lang='lat' dir='ltr'>H</span> <span class='ocrx_word' id='word_1_151' title='bbox 970 1956 1053 2007; x_wconf 88' lang='lat' dir='ltr'><strong>vel</strong></span> <span class='ocrx_word' id='word_1_152' title='bbox 1079 1957 1129 2007; x_wconf 93' lang='lat' dir='ltr'>A</span> <span class='ocrx_word' id='word_1_153' title='bbox 1154 1957 1206 2018; x_wconf 92' lang='lat' dir='ltr'><strong>h,</strong></span> <span class='ocrx_word' id='word_1_154' title='bbox 1250 1956 1303 2025; x_wconf 78' lang='lat'><strong>(1)</strong></span> <span class='ocrx_word' id='word_1_155' title='bbox 1332 1967 1383 2007; x_wconf 91' lang='lat' dir='ltr'><strong>et</strong></span> <span class='ocrx_word' id='word_1_156' title='bbox 1420 1957 1542 2009; x_wconf 91' lang='lat' dir='ltr'><strong>inde</strong></span> <span class='ocrx_word' id='word_1_157' title='bbox 1580 1958 1765 2028; x_wconf 85' lang='lat' dir='ltr'><strong>collige</strong></span> <span class='ocrx_word' id='word_1_158' title='bbox 1801 1958 2051 2028; x_wconf 73' lang='lat' dir='ltr'><strong>graphice</strong></span> <span class='ocrx_word' id='word_1_159' title='bbox 2085 1959 2254 2031; x_wconf 87' lang='lat' dir='ltr'><strong>longi-</strong></span> 
     </span>
    </p>
   </div>
   <div class='ocr_carea' id='block_1_12' title="bbox 116 2043 1033 2114">
    <p class='ocr_par' dir='ltr' id='par_1_13' title="bbox 116 2043 1033 2114">
     <span class='ocr_line' id='line_1_25' title="bbox 116 2043 1033 2114; baseline 0 -18"><span class='ocrx_word' id='word_1_160' title='bbox 116 2044 318 2096; x_wconf 87' lang='lat' dir='ltr'><strong>tudines</strong></span> <span class='ocrx_word' id='word_1_161' title='bbox 345 2044 396 2095; x_wconf 94' lang='lat' dir='ltr'>A</span> <span class='ocrx_word' id='word_1_162' title='bbox 426 2044 499 2105; x_wconf 91' lang='lat' dir='ltr'><strong>K,</strong></span> <span class='ocrx_word' id='word_1_163' title='bbox 535 2043 586 2094; x_wconf 95' lang='lat' dir='ltr'>A</span> <span class='ocrx_word' id='word_1_164' title='bbox 610 2043 669 2105; x_wconf 84' lang='lat' dir='ltr'><strong>k,</strong></span> <span class='ocrx_word' id='word_1_165' title='bbox 701 2061 795 2111; x_wconf 89' lang='lat' dir='ltr'><strong>per</strong></span> <span class='ocrx_word' id='word_1_166' title='bbox 824 2044 955 2114; x_wconf 87' lang='lat' dir='ltr'><strong>Reg.</strong></span> <span class='ocrx_word' id='word_1_167' title='bbox 985 2052 1033 2096; x_wconf 91' lang='lat'><strong>6.</strong></span> 
     </span>
    </p>
   </div>
   <div class='ocr_carea' id='block_1_13' title="bbox 30 2305 2254 2416">
    <p class='ocr_par' dir='ltr' id='par_1_14' title="bbox 26 2305 2254 2416">
     <span class='ocr_line' id='line_1_26' title="bbox 30 2305 1173 2360; baseline 0.003 -14"><span class='ocrx_word' id='word_1_168' title='bbox 30 2356 35 2360; x_wconf 89' lang='lat'><strong>.</strong></span> <span class='ocrx_word' id='word_1_169' title='bbox 97 2322 99 2324; x_wconf 84' lang='lat'>·</span> <span class='ocrx_word' id='word_1_170' title='bbox 120 2307 255 2346; x_wconf 53' lang='lat' dir='ltr'><strong>Porro*</strong></span> <span class='ocrx_word' id='word_1_171' title='bbox 268 2305 359 2347; x_wconf 68' lang='lat' dir='ltr'><strong>cum</strong></span> <span class='ocrx_word' id='word_1_172' title='bbox 384 2319 568 2346; x_wconf 88' lang='lat' dir='ltr'><strong>numerus</strong></span> <span class='ocrx_word' id='word_1_173' title='bbox 584 2305 613 2345; x_wconf 84' lang='lat' dir='ltr'><strong>n</strong></span> <span class='ocrx_word' id='word_1_174' title='bbox 630 2307 747 2357; x_wconf 83' lang='lat' dir='ltr'><strong>possit</strong></span> <span class='ocrx_word' id='word_1_175' title='bbox 766 2319 846 2347; x_wconf 87' lang='lat' dir='ltr'><strong>esse</strong></span> <span class='ocrx_word' id='word_1_176' title='bbox 866 2309 1026 2360; x_wconf 84' lang='lat' dir='ltr'><strong>quilibet</strong></span> <span class='ocrx_word' id='word_1_177' title='bbox 1056 2309 1173 2349; x_wconf 86' lang='lat' dir='ltr'><strong>inte-·</strong></span> 
     </span>
     <span class='ocr_line' id='line_1_27' title="bbox 117 2361 2254 2416; baseline 0.002 -18.796"><span class='ocrx_word' id='word_1_178' title='bbox 117 2372 187 2411; x_wconf 88' lang='lat' dir='ltr'><strong>ger</strong></span> <span class='ocrx_word' id='word_1_179' title='bbox 216 2361 276 2399; x_wconf 89' lang='lat' dir='ltr'><strong>vel</strong></span> <span class='ocrx_word' id='word_1_180' title='bbox 306 2361 461 2407; x_wconf 81' lang='lat' dir='ltr'><strong>fractus,</strong></span> <span class='ocrx_word' id='word_1_181' title='bbox 500 2368 539 2404; x_wconf 86' lang='lat' dir='ltr'><strong>et</strong></span> <span class='ocrx_word' id='word_1_182' title='bbox 566 2362 608 2397; x_wconf 88' lang='lat' dir='ltr'><strong>in</strong></span> <span class='ocrx_word' id='word_1_183' title='bbox 639 2362 847 2410; x_wconf 86' lang='lat' dir='ltr'><strong>hyperbola</strong></span> <span class='ocrx_word' id='word_1_184' title='bbox 882 2364 1014 2401; x_wconf 88' lang='lat' dir='ltr'><strong>conica</strong></span> <span class='ocrx_word' id='word_1_185' title='bbox 1049 2364 1097 2401; x_wconf 89' lang='lat' dir='ltr'><strong>sit</strong></span> <span class='ocrx_word' id='word_1_186' title='bbox 1129 2377 1155 2401; x_wconf 91' lang='lat' dir='ltr'><strong>n</strong></span> <span class='ocrx_word' id='word_1_187' title='bbox 1203 2366 1308 2416; x_wconf 85' lang='lat' dir='ltr'><strong>jecti‚</strong></span> <span class='ocrx_word' id='word_1_188' title='bbox 1339 2373 1470 2403; x_wconf 88' lang='lat' dir='ltr'><strong>manet</strong></span> <span class='ocrx_word' id='word_1_189' title='bbox 1507 2366 1828 2414; x_wconf 88' lang='lat' dir='ltr'><strong>perpendiculum</strong></span> <span class='ocrx_word' id='word_1_190' title='bbox 1868 2367 1906 2403; x_wconf 95' lang='lat' dir='ltr'>A</span> <span class='ocrx_word' id='word_1_191' title='bbox 1942 2366 1977 2410; x_wconf 89' lang='grc' dir='ltr'><strong>Ι,</strong></span> <span class='ocrx_word' id='word_1_192' title='bbox 2016 2373 2054 2403; x_wconf 91' lang='lat' dir='ltr'><strong>et</strong></span> <span class='ocrx_word' id='word_1_193' title='bbox 2089 2372 2254 2416; x_wconf 84' lang='lat' dir='ltr'><strong>tangens</strong></span> 
     </span>
    </p>
   </div>
   <div class='ocr_carea' id='block_1_14' title="bbox 116 2413 1164 3829">
    <p class='ocr_par' dir='ltr' id='par_1_15' title="bbox 116 2413 1164 3152">
     <span class='ocr_line' id='line_1_28' title="bbox 117 2413 1155 2464; baseline 0.003 -13"><span class='ocrx_word' id='word_1_194' title='bbox 117 2413 274 2464; x_wconf 57' lang='lat' dir='ltr'><strong>‘aequalis</strong></span> <span class='ocrx_word' id='word_1_195' title='bbox 290 2413 443 2460; x_wconf 76' lang='lat' dir='ltr'><strong>unitati,</strong></span> <span class='ocrx_word' id='word_1_196' title='bbox 470 2426 558 2463; x_wconf 89' lang='lat' dir='ltr'><strong>quae</strong></span> <span class='ocrx_word' id='word_1_197' title='bbox 574 2414 692 2453; x_wconf 83' lang='lat' dir='ltr'><strong>veluti</strong></span> <span class='ocrx_word' id='word_1_198' title='bbox 712 2414 884 2452; x_wconf 89' lang='lat' dir='ltr'><strong>medium</strong></span> <span class='ocrx_word' id='word_1_199' title='bbox 903 2416 1032 2453; x_wconf 89' lang='lat' dir='ltr'><strong>locum</strong></span> <span class='ocrx_word' id='word_1_200' title='bbox 1050 2424 1155 2455; x_wconf 86' lang='lat' dir='ltr'><strong>tenet</strong></span> 
     </span>
     <span class='ocr_line' id='line_1_29' title="bbox 118 2466 1156 2518; baseline 0.004 -15"><span class='ocrx_word' id='word_1_201' title='bbox 118 2466 217 2504; x_wconf 87' lang='lat' dir='ltr'><strong>inter</strong></span> <span class='ocrx_word' id='word_1_202' title='bbox 245 2479 425 2504; x_wconf 89' lang='lat' dir='ltr'><strong>numeros</strong></span> <span class='ocrx_word' id='word_1_203' title='bbox 455 2479 588 2504; x_wconf 85' lang='lat' dir='ltr'><strong>omnes</strong></span> <span class='ocrx_word' id='word_1_204' title='bbox 616 2467 784 2518; x_wconf 84' lang='lat' dir='ltr'><strong>integros</strong></span> <span class='ocrx_word' id='word_1_205' title='bbox 815 2476 854 2506; x_wconf 89' lang='lat' dir='ltr'><strong>et</strong></span> <span class='ocrx_word' id='word_1_206' title='bbox 884 2468 1035 2516; x_wconf 87' lang='lat' dir='ltr'><strong>fractos,</strong></span> <span class='ocrx_word' id='word_1_207' title='bbox 1066 2470 1156 2507; x_wconf 82' lang='lat' dir='ltr'><strong>satis</strong></span> 
     </span>
     <span class='ocr_line' id='line_1_30' title="bbox 118 2519 1155 2571; baseline 0.004 -15"><span class='ocrx_word' id='word_1_208' title='bbox 118 2519 364 2557; x_wconf 82' lang='lat' dir='ltr'><strong>manifestum</strong></span> <span class='ocrx_word' id='word_1_209' title='bbox 383 2526 440 2557; x_wconf 84' lang='lat' dir='ltr'><strong>est</strong></span> <span class='ocrx_word' id='word_1_210' title='bbox 464 2519 715 2568; x_wconf 85' lang='lat' dir='ltr'><strong>hyperbolam</strong></span> <span class='ocrx_word' id='word_1_211' title='bbox 734 2520 907 2559; x_wconf 88' lang='lat' dir='ltr'><strong>conicam</strong></span> <span class='ocrx_word' id='word_1_212' title='bbox 926 2523 1025 2559; x_wconf 82' lang='lat' dir='ltr'><strong>inter</strong></span> <span class='ocrx_word' id='word_1_213' title='bbox 1043 2536 1155 2571; x_wconf 88' lang='lat' dir='ltr'><strong>supe-</strong></span> 
     </span>
     <span class='ocr_line' id='line_1_31' title="bbox 119 2572 1154 2622; baseline 0.005 -14"><span class='ocrx_word' id='word_1_214' title='bbox 119 2572 235 2609; x_wconf 86' lang='lat' dir='ltr'><strong>riores</strong></span> <span class='ocrx_word' id='word_1_215' title='bbox 253 2585 386 2610; x_wconf 90' lang='lat' dir='ltr'><strong>omnes</strong></span> <span class='ocrx_word' id='word_1_216' title='bbox 404 2579 442 2609; x_wconf 91' lang='lat' dir='ltr'><strong>et</strong></span> <span class='ocrx_word' id='word_1_217' title='bbox 466 2573 661 2610; x_wconf 86' lang='lat' dir='ltr'><strong>inferiores</strong></span> <span class='ocrx_word' id='word_1_218' title='bbox 678 2574 904 2622; x_wconf 89' lang='lat' dir='ltr'><strong>hyperbolas</strong></span> <span class='ocrx_word' id='word_1_219' title='bbox 921 2575 1154 2613; x_wconf 84' lang='lat' dir='ltr'><strong>mediocrem</strong></span> 
     </span>
     <span class='ocr_line' id='line_1_32' title="bbox 120 2622 1155 2677; baseline 0.004 -15"><span class='ocrx_word' id='word_1_220' title='bbox 120 2625 306 2662; x_wconf 85' lang='lat' dir='ltr'><strong>rationem</strong></span> <span class='ocrx_word' id='word_1_221' title='bbox 324 2632 463 2669; x_wconf 89' lang='lat' dir='ltr'><strong>tenere,</strong></span> <span class='ocrx_word' id='word_1_222' title='bbox 493 2632 530 2662; x_wconf 91' lang='lat' dir='ltr'><strong>et</strong></span> <span class='ocrx_word' id='word_1_223' title='bbox 545 2622 635 2674; x_wconf 88' lang='lat' dir='ltr'><strong>quia</strong></span> <span class='ocrx_word' id='word_1_224' title='bbox 653 2622 767 2663; x_wconf 87' lang='lat' dir='ltr'><strong>etiam</strong></span> <span class='ocrx_word' id='word_1_225' title='bbox 787 2625 931 2664; x_wconf 85' lang='lat' dir='ltr'><strong>caeteris</strong></span> <span class='ocrx_word' id='word_1_226' title='bbox 949 2628 1155 2677; x_wconf 82' lang='lat' dir='ltr'><strong>simplicior</strong></span> 
     </span>
     <span class='ocr_line' id='line_1_33' title="bbox 121 2677 1157 2727; baseline 0.004 -13"><span class='ocrx_word' id='word_1_227' title='bbox 121 2685 189 2724; x_wconf 88' lang='lat' dir='ltr'><strong>est,</strong></span> <span class='ocrx_word' id='word_1_228' title='bbox 208 2690 317 2726; x_wconf 89' lang='lat' dir='ltr'><strong>posse</strong></span> <span class='ocrx_word' id='word_1_229' title='bbox 336 2677 420 2715; x_wconf 93' lang='lat' dir='ltr'><strong>loco</strong></span> <span class='ocrx_word' id='word_1_230' title='bbox 438 2690 536 2714; x_wconf 87' lang='lat' dir='ltr'><strong>verae</strong></span> <span class='ocrx_word' id='word_1_231' title='bbox 555 2679 778 2727; x_wconf 83' lang='lat' dir='ltr'><strong>trajectoriae</strong></span> <span class='ocrx_word' id='word_1_232' title='bbox 796 2680 837 2716; x_wconf 90' lang='lat' dir='ltr'><strong>in</strong></span> <span class='ocrx_word' id='word_1_233' title='bbox 855 2680 983 2719; x_wconf 87' lang='lat' dir='ltr'><strong>medio</strong></span> <span class='ocrx_word' id='word_1_234' title='bbox 1009 2681 1157 2718; x_wconf 88' lang='lat' dir='ltr'><strong>unifor-</strong></span> 
     </span>
     <span class='ocr_line' id='line_1_34' title="bbox 120 2730 1159 2782; baseline 0.006 -15"><span class='ocrx_word' id='word_1_235' title='bbox 120 2730 232 2768; x_wconf 89' lang='lat' dir='ltr'><strong>miter</strong></span> <span class='ocrx_word' id='word_1_236' title='bbox 250 2730 368 2768; x_wconf 87' lang='lat' dir='ltr'><strong>denso</strong></span> <span class='ocrx_word' id='word_1_237' title='bbox 382 2730 564 2768; x_wconf 86' lang='lat' dir='ltr'><strong>adhiberi.</strong></span> <span class='ocrx_word' id='word_1_238' title='bbox 600 2731 641 2769; x_wconf 90' lang='lat' dir='ltr'><strong>Si</strong></span> <span class='ocrx_word' id='word_1_239' title='bbox 652 2731 986 2782; x_wconf 83' lang='lat' dir='ltr'><strong>igiturhyperbola</strong></span> <span class='ocrx_word' id='word_1_240' title='bbox 1004 2735 1041 2772; x_wconf 89' lang='lat' dir='ltr'>A</span> <span class='ocrx_word' id='word_1_241' title='bbox 1061 2735 1096 2772; x_wconf 89' lang='lat' dir='ltr'>G</span> <span class='ocrx_word' id='word_1_242' title='bbox 1117 2734 1159 2772; x_wconf 90' lang='lat' dir='ltr'><strong>K</strong></span> 
     </span>
     <span class='ocr_line' id='line_1_35' title="bbox 121 2783 1159 2836; baseline 0.005 -17"><span class='ocrx_word' id='word_1_243' title='bbox 121 2783 170 2820; x_wconf 85' lang='lat' dir='ltr'><strong>sit</strong></span> <span class='ocrx_word' id='word_1_244' title='bbox 187 2784 303 2834; x_wconf 84' lang='lat' dir='ltr'><strong>hujus</strong></span> <span class='ocrx_word' id='word_1_245' title='bbox 320 2783 481 2834; x_wconf 90' lang='lat' dir='ltr'><strong>generis,</strong></span> <span class='ocrx_word' id='word_1_246' title='bbox 498 2791 537 2821; x_wconf 89' lang='lat' dir='ltr'><strong>et</strong></span> <span class='ocrx_word' id='word_1_247' title='bbox 552 2792 741 2832; x_wconf 90' lang='lat' dir='ltr'><strong>punctum</strong></span> <span class='ocrx_word' id='word_1_248' title='bbox 760 2785 814 2831; x_wconf 91' lang='lat' dir='ltr'><strong>K,</strong></span> <span class='ocrx_word' id='word_1_249' title='bbox 835 2786 902 2823; x_wconf 91' lang='lat' dir='ltr'><strong>ubi</strong></span> <span class='ocrx_word' id='word_1_250' title='bbox 921 2799 1058 2834; x_wconf 89' lang='lat' dir='ltr'><strong>corpus</strong></span> <span class='ocrx_word' id='word_1_251' title='bbox 1071 2800 1159 2836; x_wconf 90' lang='lat' dir='ltr'><strong>pro-</strong></span> 
     </span>
     <span class='ocr_line' id='line_1_36' title="bbox 116 2836 1160 2887; baseline 0.004 -14"><span class='ocrx_word' id='word_1_252' title='bbox 116 2836 263 2887; x_wconf 85' lang='lat' dir='ltr'><strong>jectum</strong></span> <span class='ocrx_word' id='word_1_253' title='bbox 277 2836 420 2874; x_wconf 85' lang='lat' dir='ltr'><strong>incidet</strong></span> <span class='ocrx_word' id='word_1_254' title='bbox 437 2836 478 2873; x_wconf 91' lang='lat' dir='ltr'><strong>in</strong></span> <span class='ocrx_word' id='word_1_255' title='bbox 492 2845 635 2874; x_wconf 88' lang='lat' dir='ltr'><strong>rectam</strong></span> <span class='ocrx_word' id='word_1_256' title='bbox 649 2838 823 2886; x_wconf 88' lang='lat' dir='ltr'><strong>quamvis</strong></span> <span class='ocrx_word' id='word_1_257' title='bbox 844 2843 883 2875; x_wconf 85' lang='lat' dir='ltr'><strong>A</strong></span> <span class='ocrx_word' id='word_1_258' title='bbox 904 2840 958 2884; x_wconf 91' lang='lat' dir='ltr'><strong>N,</strong></span> <span class='ocrx_word' id='word_1_259' title='bbox 977 2840 1160 2877; x_wconf 87' lang='lat' dir='ltr'><strong>horizon-</strong></span> 
     </span>
     <span class='ocr_line' id='line_1_37' title="bbox 122 2888 1158 2940; baseline 0.003 -13"><span class='ocrx_word' id='word_1_260' title='bbox 122 2889 240 2928; x_wconf 78' lang='lat' dir='ltr'><strong>talem</strong></span> <span class='ocrx_word' id='word_1_261' title='bbox 270 2888 331 2926; x_wconf 90' lang='lat' dir='ltr'><strong>vel</strong></span> <span class='ocrx_word' id='word_1_262' title='bbox 358 2889 544 2926; x_wconf 87' lang='lat' dir='ltr'><strong>horizonti</strong></span> <span class='ocrx_word' id='word_1_263' title='bbox 574 2890 781 2939; x_wconf 86' lang='lat' dir='ltr'><strong>obliquam,</strong></span> <span class='ocrx_word' id='word_1_264' title='bbox 814 2903 882 2939; x_wconf 87' lang='lat' dir='ltr'><strong>per</strong></span> <span class='ocrx_word' id='word_1_265' title='bbox 900 2900 1088 2940; x_wconf 86' lang='lat' dir='ltr'><strong>punctum</strong></span> <span class='ocrx_word' id='word_1_266' title='bbox 1121 2894 1158 2930; x_wconf 96' lang='lat' dir='ltr'>A</span> 
     </span>
     <span class='ocr_line' id='line_1_38' title="bbox 122 2944 1159 2992; baseline 0.006 -14"><span class='ocrx_word' id='word_1_267' title='bbox 122 2948 396 2987; x_wconf 84' lang='lat' dir='ltr'><strong>transeuntem,</strong></span> <span class='ocrx_word' id='word_1_268' title='bbox 416 2949 631 2992; x_wconf 86' lang='lat' dir='ltr'><strong>quaeratur:</strong></span> <span class='ocrx_word' id='word_1_269' title='bbox 656 2951 829 2982; x_wconf 86' lang='lat' dir='ltr'><strong>occurrat</strong></span> <span class='ocrx_word' id='word_1_270' title='bbox 848 2944 1034 2992; x_wconf 86' lang='lat' dir='ltr'><strong>producta</strong></span> <span class='ocrx_word' id='word_1_271' title='bbox 1055 2946 1093 2983; x_wconf 95' lang='lat' dir='ltr'>A</span> <span class='ocrx_word' id='word_1_272' title='bbox 1117 2946 1159 2984; x_wconf 91' lang='lat' dir='ltr'>N</span> 
     </span>
     <span class='ocr_line' id='line_1_39' title="bbox 123 2994 1164 3043; baseline 0.005 -12"><span class='ocrx_word' id='word_1_273' title='bbox 123 2994 345 3043; x_wconf 84' lang='lat' dir='ltr'><strong>asymptotis</strong></span> <span class='ocrx_word' id='word_1_274' title='bbox 366 2995 414 3032; x_wconf 93' lang='lat' dir='ltr'>M</span> <span class='ocrx_word' id='word_1_275' title='bbox 437 2995 492 3041; x_wconf 87' lang='lat' dir='ltr'><strong>X,</strong></span> <span class='ocrx_word' id='word_1_276' title='bbox 515 2995 555 3032; x_wconf 90' lang='lat' dir='ltr'>N</span> <span class='ocrx_word' id='word_1_277' title='bbox 579 2995 634 3041; x_wconf 90' lang='lat' dir='ltr'><strong>X,</strong></span> <span class='ocrx_word' id='word_1_278' title='bbox 661 2996 703 3032; x_wconf 93' lang='lat' dir='ltr'><strong>in</strong></span> <span class='ocrx_word' id='word_1_279' title='bbox 726 2997 773 3034; x_wconf 93' lang='lat' dir='ltr'>M</span> <span class='ocrx_word' id='word_1_280' title='bbox 793 3004 832 3034; x_wconf 89' lang='lat' dir='ltr'><strong>et</strong></span> <span class='ocrx_word' id='word_1_281' title='bbox 852 2997 904 3042; x_wconf 93' lang='lat' dir='ltr'><strong>N,</strong></span> <span class='ocrx_word' id='word_1_282' title='bbox 933 3005 971 3035; x_wconf 90' lang='lat' dir='ltr'><strong>et</strong></span> <span class='ocrx_word' id='word_1_283' title='bbox 990 3006 1164 3036; x_wconf 88' lang='lat' dir='ltr'><strong>sumatur</strong></span> 
     </span>
     <span class='ocr_line' id='line_1_40' title="bbox 126 3046 1163 3099; baseline 0.007 -16"><span class='ocrx_word' id='word_1_284' title='bbox 126 3046 167 3084; x_wconf 92' lang='lat' dir='ltr'>N</span> <span class='ocrx_word' id='word_1_285' title='bbox 190 3047 231 3084; x_wconf 91' lang='lat' dir='ltr'><strong>K</strong></span> <span class='ocrx_word' id='word_1_286' title='bbox 250 3047 321 3095; x_wconf 89' lang='lat' dir='ltr'><strong>ipsi</strong></span> <span class='ocrx_word' id='word_1_287' title='bbox 344 3047 381 3084; x_wconf 93' lang='lat' dir='ltr'>A</span> <span class='ocrx_word' id='word_1_288' title='bbox 411 3047 460 3085; x_wconf 92' lang='lat' dir='ltr'>M</span> <span class='ocrx_word' id='word_1_289' title='bbox 489 3048 656 3097; x_wconf 80' lang='lat' dir='ltr'><strong>aequalis,</strong></span> <span class='ocrx_word' id='word_1_290' title='bbox 687 3055 726 3086; x_wconf 86' lang='lat' dir='ltr'><strong>et</strong></span> <span class='ocrx_word' id='word_1_291' title='bbox 753 3050 954 3088; x_wconf 86' lang='lat' dir='ltr'><strong>habebitur</strong></span> <span class='ocrx_word' id='word_1_292' title='bbox 972 3058 1163 3099; x_wconf 87' lang='lat' dir='ltr'><strong>punctum</strong></span> 
     </span>
     <span class='ocr_line' id='line_1_41' title="bbox 125 3099 776 3152; baseline 0.005 -16"><span class='ocrx_word' id='word_1_293' title='bbox 125 3099 168 3137; x_wconf 91' lang='lat' dir='ltr'>K</span> <span class='ocrx_word' id='word_1_294' title='bbox 189 3102 276 3148; x_wconf 87' lang='lat' dir='ltr'><strong>(per</strong></span> <span class='ocrx_word' id='word_1_295' title='bbox 297 3100 435 3138; x_wconf 88' lang='lat' dir='ltr'><strong>Theor.</strong></span> <span class='ocrx_word' id='word_1_296' title='bbox 462 3100 497 3152; x_wconf 62' lang='lat' dir='ltr'><strong>I.⁴</strong></span> <span class='ocrx_word' id='word_1_297' title='bbox 520 3100 568 3138; x_wconf 90' lang='lat' dir='ltr'><strong>de</strong></span> <span class='ocrx_word' id='word_1_298' title='bbox 586 3101 776 3150; x_wconf 81' lang='lat' dir='ltr'><strong>conicis.).</strong></span> 
     </span>
    </p>

    <p class='ocr_par' dir='ltr' id='par_1_16' title="bbox 123 3152 1160 3730">
     <span class='ocr_line' id='line_1_42' title="bbox 178 3152 1159 3204; baseline 0.005 -14"><span class='ocrx_word' id='word_1_299' title='bbox 178 3152 226 3204; x_wconf 90' lang='lat'><strong>(¹)</strong></span> <span class='ocrx_word' id='word_1_300' title='bbox 249 3155 270 3176; x_wconf 75' lang='lat'><strong>’¹’</strong></span> <span class='ocrx_word' id='word_1_301' title='bbox 291 3155 347 3192; x_wconf 82' lang='lat' dir='ltr'><strong>Et</strong></span> <span class='ocrx_word' id='word_1_302' title='bbox 365 3156 453 3192; x_wconf 76' lang='lat' dir='ltr'><strong>inde</strong></span> <span class='ocrx_word' id='word_1_303' title='bbox 471 3156 596 3204; x_wconf 79' lang='lat' dir='ltr'><strong>collige</strong></span> <span class='ocrx_word' id='word_1_304' title='bbox 613 3154 797 3204; x_wconf 59' lang='lat' dir='ltr'><strong>graphice,</strong></span> <span class='ocrx_word' id='word_1_305' title='bbox 818 3156 887 3194; x_wconf 76' lang='grc' dir='ltr'><strong>διο.</strong></span> <span class='ocrx_word' id='word_1_306' title='bbox 934 3156 1040 3195; x_wconf 60' lang='lat' dir='ltr'><strong>Data</strong></span> <span class='ocrx_word' id='word_1_307' title='bbox 1056 3157 1159 3196; x_wconf 87' lang='lat' dir='ltr'><strong>enim</strong></span> 
     </span>
     <span class='ocr_line' id='line_1_43' title="bbox 123 3206 1155 3258; baseline 0.006 -16"><span class='ocrx_word' id='word_1_308' title='bbox 123 3211 305 3255; x_wconf 87' lang='lat' dir='ltr'><strong>tangente</strong></span> <span class='ocrx_word' id='word_1_309' title='bbox 327 3206 365 3243; x_wconf 96' lang='lat' dir='ltr'>A</span> <span class='ocrx_word' id='word_1_310' title='bbox 389 3206 445 3252; x_wconf 94' lang='lat' dir='ltr'><strong>H,</strong></span> <span class='ocrx_word' id='word_1_311' title='bbox 466 3215 550 3243; x_wconf 88' lang='lat' dir='ltr'><strong>tum</strong></span> <span class='ocrx_word' id='word_1_312' title='bbox 570 3207 839 3257; x_wconf 82' lang='lat' dir='ltr'><strong>magnitudine</strong></span> <span class='ocrx_word' id='word_1_313' title='bbox 856 3217 940 3246; x_wconf 91' lang='lat' dir='ltr'><strong>tum</strong></span> <span class='ocrx_word' id='word_1_314' title='bbox 956 3211 1155 3258; x_wconf 85' lang='lat' dir='ltr'><strong>positione,</strong></span> 
     </span>
     <span class='ocr_line' id='line_1_44' title="bbox 125 3257 1157 3312; baseline 0.006 -17"><span class='ocrx_word' id='word_1_315' title='bbox 125 3257 238 3295; x_wconf 85' lang='lat' dir='ltr'><strong>datur</strong></span> <span class='ocrx_word' id='word_1_316' title='bbox 255 3258 440 3296; x_wconf 84' lang='lat' dir='ltr'><strong>verticalis</strong></span> <span class='ocrx_word' id='word_1_317' title='bbox 460 3259 503 3296; x_wconf 92' lang='lat' dir='ltr'>H</span> <span class='ocrx_word' id='word_1_318' title='bbox 526 3260 566 3297; x_wconf 94' lang='lat' dir='ltr'>N</span> <span class='ocrx_word' id='word_1_319' title='bbox 585 3272 673 3297; x_wconf 90' lang='lat' dir='ltr'><strong>cum</strong></span> <span class='ocrx_word' id='word_1_320' title='bbox 693 3268 836 3309; x_wconf 89' lang='lat' dir='ltr'><strong>puncto</strong></span> <span class='ocrx_word' id='word_1_321' title='bbox 857 3263 921 3309; x_wconf 93' lang='lat' dir='ltr'>N;</span> <span class='ocrx_word' id='word_1_322' title='bbox 942 3271 980 3300; x_wconf 89' lang='lat' dir='ltr'><strong>et</strong></span> <span class='ocrx_word' id='word_1_323' title='bbox 997 3263 1087 3312; x_wconf 90' lang='lat' dir='ltr'><strong>quia</strong></span> <span class='ocrx_word' id='word_1_324' title='bbox 1097 3276 1157 3301; x_wconf 79' lang='lat' dir='ltr'><strong>as-</strong></span> 
     </span>
     <span class='ocr_line' id='line_1_45' title="bbox 125 3310 1157 3368; baseline 0.007 -21"><span class='ocrx_word' id='word_1_325' title='bbox 125 3312 290 3348; x_wconf 87' lang='lat' dir='ltr'><strong>sumitur</strong></span> <span class='ocrx_word' id='word_1_326' title='bbox 307 3310 421 3348; x_wconf 80' lang='lat' dir='ltr'><strong>etiam</strong></span> <span class='ocrx_word' id='word_1_327' title='bbox 443 3312 480 3349; x_wconf 93' lang='lat' dir='ltr'>A</span> <span class='ocrx_word' id='word_1_328' title='bbox 503 3312 540 3357; x_wconf 88' lang='lat'><strong>1,</strong></span> <span class='ocrx_word' id='word_1_329' title='bbox 569 3321 607 3350; x_wconf 87' lang='lat' dir='ltr'><strong>et</strong></span> <span class='ocrx_word' id='word_1_330' title='bbox 631 3321 687 3351; x_wconf 83' lang='lat' dir='ltr'><strong>est</strong></span> <span class='ocrx_word' id='word_1_331' title='bbox 717 3313 760 3351; x_wconf 93' lang='lat' dir='ltr'>H</span> <span class='ocrx_word' id='word_1_332' title='bbox 784 3314 824 3351; x_wconf 94' lang='lat' dir='ltr'>X</span> <span class='ocrx_word' id='word_1_333' title='bbox 845 3331 901 3351; x_wconf 90' lang='lat'><strong><em>=</em></strong></span> <span class='ocrx_word' id='word_1_334' title='bbox 923 3320 946 3352; x_wconf 82' lang='lat'>2</span> <span class='ocrx_word' id='word_1_335' title='bbox 971 3316 1005 3353; x_wconf 90' lang='lat' dir='ltr'>A</span> <span class='ocrx_word' id='word_1_336' title='bbox 1028 3316 1049 3354; x_wconf 90' lang='grc' dir='ltr'>Ι</span> <span class='ocrx_word' id='word_1_337' title='bbox 1072 3320 1157 3368; x_wconf 87' lang='lat' dir='ltr'><strong>(per</strong></span> 
     </span>
     <span class='ocr_line' id='line_1_46' title="bbox 126 3363 1157 3417; baseline 0.006 -17"><span class='ocrx_word' id='word_1_338' title='bbox 126 3363 226 3401; x_wconf 90' lang='lat' dir='ltr'><strong>dem.</strong></span> <span class='ocrx_word' id='word_1_339' title='bbox 259 3365 357 3413; x_wconf 87' lang='lat' dir='ltr'><strong>Reg.</strong></span> <span class='ocrx_word' id='word_1_340' title='bbox 384 3364 462 3413; x_wconf 70' lang='lat' dir='ltr'><strong>lae·)</strong></span> <span class='ocrx_word' id='word_1_341' title='bbox 491 3366 540 3401; x_wconf 92' lang='lat' dir='ltr'><strong>ob</strong></span> <span class='ocrx_word' id='word_1_342' title='bbox 559 3378 585 3402; x_wconf 92' lang='lat' dir='ltr'><strong>n</strong></span> <span class='ocrx_word' id='word_1_343' title='bbox 603 3381 660 3402; x_wconf 68' lang='grc' dir='ltr'><strong>ιτ.</strong></span> <span class='ocrx_word' id='word_1_344' title='bbox 685 3370 728 3412; x_wconf 82' lang='grc'><strong>1;</strong></span> <span class='ocrx_word' id='word_1_345' title='bbox 762 3366 915 3405; x_wconf 89' lang='lat' dir='ltr'><strong>dabitur</strong></span> <span class='ocrx_word' id='word_1_346' title='bbox 941 3369 1157 3417; x_wconf 83' lang='lat' dir='ltr'><strong>hyperbolae</strong></span> 
     </span>
     <span class='ocr_line' id='line_1_47' title="bbox 126 3416 1157 3467; baseline 0.006 -14"><span class='ocrx_word' id='word_1_347' title='bbox 126 3424 302 3454; x_wconf 88' lang='lat' dir='ltr'><strong>centrum</strong></span> <span class='ocrx_word' id='word_1_348' title='bbox 330 3417 383 3461; x_wconf 91' lang='lat' dir='ltr'><strong>X,</strong></span> <span class='ocrx_word' id='word_1_349' title='bbox 411 3424 449 3453; x_wconf 90' lang='lat' dir='ltr'><strong>et</strong></span> <span class='ocrx_word' id='word_1_350' title='bbox 466 3416 556 3454; x_wconf 86' lang='lat' dir='ltr'><strong>inde</strong></span> <span class='ocrx_word' id='word_1_351' title='bbox 574 3419 623 3454; x_wconf 89' lang='lat' dir='ltr'><strong>ob</strong></span> <span class='ocrx_word' id='word_1_352' title='bbox 642 3417 773 3455; x_wconf 86' lang='lat' dir='ltr'><strong>datum</strong></span> <span class='ocrx_word' id='word_1_353' title='bbox 800 3428 989 3467; x_wconf 90' lang='lat' dir='ltr'><strong>punctum</strong></span> <span class='ocrx_word' id='word_1_354' title='bbox 1012 3422 1030 3458; x_wconf 91' lang='lat'>1</span> <span class='ocrx_word' id='word_1_355' title='bbox 1051 3421 1157 3459; x_wconf 82' lang='lat' dir='ltr'><strong>dabi-</strong></span> 
     </span>
     <span class='ocr_line' id='line_1_48' title="bbox 127 3469 1160 3521; baseline 0.006 -15"><span class='ocrx_word' id='word_1_356' title='bbox 127 3476 191 3506; x_wconf 91' lang='lat' dir='ltr'><strong>tur</strong></span> <span class='ocrx_word' id='word_1_357' title='bbox 208 3476 445 3518; x_wconf 86' lang='lat' dir='ltr'><strong>asymptotus</strong></span> <span class='ocrx_word' id='word_1_358' title='bbox 464 3469 583 3507; x_wconf 81' lang='lat' dir='ltr'><strong>altera</strong></span> <span class='ocrx_word' id='word_1_359' title='bbox 604 3470 645 3506; x_wconf 92' lang='lat' dir='ltr'>X</span> <span class='ocrx_word' id='word_1_360' title='bbox 667 3470 688 3508; x_wconf 95' lang='lat' dir='ltr'>I</span> <span class='ocrx_word' id='word_1_361' title='bbox 710 3471 758 3509; x_wconf 94' lang='lat' dir='ltr'>M</span> <span class='ocrx_word' id='word_1_362' title='bbox 777 3484 867 3509; x_wconf 86' lang='lat' dir='ltr'><strong>cum</strong></span> <span class='ocrx_word' id='word_1_363' title='bbox 886 3482 1030 3521; x_wconf 88' lang='lat' dir='ltr'><strong>puncto</strong></span> <span class='ocrx_word' id='word_1_364' title='bbox 1051 3475 1097 3511; x_wconf 88' lang='lat' dir='ltr'>M</span> <span class='ocrx_word' id='word_1_365' title='bbox 1118 3474 1160 3511; x_wconf 89' lang='lat' dir='ltr'><strong>in</strong></span> 
     </span>
     <span class='ocr_line' id='line_1_49' title="bbox 126 3522 1160 3577; baseline 0.006 -19"><span class='ocrx_word' id='word_1_366' title='bbox 126 3522 350 3559; x_wconf 77' lang='lat' dir='ltr'><strong>horizontali</strong></span> <span class='ocrx_word' id='word_1_367' title='bbox 385 3523 432 3559; x_wconf 91' lang='lat' dir='ltr'>M</span> <span class='ocrx_word' id='word_1_368' title='bbox 455 3522 495 3559; x_wconf 93' lang='lat' dir='ltr'>N</span> <span class='ocrx_word' id='word_1_369' title='bbox 507 3536 518 3568; x_wconf 93' lang='lat'>;</span> <span class='ocrx_word' id='word_1_370' title='bbox 553 3529 591 3559; x_wconf 88' lang='lat' dir='ltr'><strong>et</strong></span> <span class='ocrx_word' id='word_1_371' title='bbox 618 3523 804 3569; x_wconf 87' lang='lat' dir='ltr'><strong>capiendo</strong></span> <span class='ocrx_word' id='word_1_372' title='bbox 836 3526 874 3562; x_wconf 92' lang='lat' dir='ltr'>N</span> <span class='ocrx_word' id='word_1_373' title='bbox 902 3526 941 3562; x_wconf 91' lang='lat' dir='ltr'><strong>K</strong></span> <span class='ocrx_word' id='word_1_374' title='bbox 974 3527 1160 3577; x_wconf 89' lang='lat' dir='ltr'><strong>aequalem</strong></span> 
     </span>
     <span class='ocr_line' id='line_1_50' title="bbox 126 3574 1158 3628; baseline 0.005 -17"><span class='ocrx_word' id='word_1_375' title='bbox 126 3574 225 3612; x_wconf 83' lang='lat' dir='ltr'><strong>datae</strong></span> <span class='ocrx_word' id='word_1_376' title='bbox 254 3575 302 3612; x_wconf 93' lang='lat' dir='ltr'>M</span> <span class='ocrx_word' id='word_1_377' title='bbox 325 3575 376 3620; x_wconf 89' lang='lat' dir='ltr'><strong>A,</strong></span> <span class='ocrx_word' id='word_1_378' title='bbox 406 3574 557 3612; x_wconf 82' lang='lat' dir='ltr'><strong>dabitur</strong></span> <span class='ocrx_word' id='word_1_379' title='bbox 576 3583 762 3622; x_wconf 87' lang='lat' dir='ltr'><strong>punctum</strong></span> <span class='ocrx_word' id='word_1_380' title='bbox 786 3577 839 3623; x_wconf 89' lang='lat' dir='ltr'><strong>K,</strong></span> <span class='ocrx_word' id='word_1_381' title='bbox 870 3586 908 3615; x_wconf 83' lang='lat' dir='ltr'><strong>et</strong></span> <span class='ocrx_word' id='word_1_382' title='bbox 924 3579 1013 3616; x_wconf 87' lang='lat' dir='ltr'><strong>hinc</strong></span> <span class='ocrx_word' id='word_1_383' title='bbox 1034 3579 1158 3628; x_wconf 86' lang='lat' dir='ltr'><strong>longi-</strong></span> 
     </span>
     <span class='ocr_line' id='line_1_51' title="bbox 126 3626 1159 3680; baseline 0.005 -16"><span class='ocrx_word' id='word_1_384' title='bbox 126 3626 223 3664; x_wconf 82' lang='lat' dir='ltr'><strong>tudo</strong></span> <span class='ocrx_word' id='word_1_385' title='bbox 257 3630 295 3664; x_wconf 92' lang='lat' dir='ltr'>A</span> <span class='ocrx_word' id='word_1_386' title='bbox 318 3627 360 3665; x_wconf 91' lang='lat' dir='ltr'><strong>K</strong></span> <span class='ocrx_word' id='word_1_387' title='bbox 393 3627 637 3665; x_wconf 89' lang='lat' dir='ltr'><strong>obtinebitur.</strong></span> <span class='ocrx_word' id='word_1_388' title='bbox 698 3628 926 3680; x_wconf 81' lang='lat' dir='ltr'><strong>Eodemque</strong></span> <span class='ocrx_word' id='word_1_389' title='bbox 955 3631 1073 3669; x_wconf 88' lang='lat' dir='ltr'><strong>modo</strong></span> <span class='ocrx_word' id='word_1_390' title='bbox 1099 3634 1159 3669; x_wconf 89' lang='lat' dir='ltr'><strong>in-</strong></span> 
     </span>
     <span class='ocr_line' id='line_1_52' title="bbox 126 3679 772 3730; baseline 0.002 -13"><span class='ocrx_word' id='word_1_391' title='bbox 126 3679 299 3717; x_wconf 83' lang='lat' dir='ltr'><strong>venietur</strong></span> <span class='ocrx_word' id='word_1_392' title='bbox 317 3679 434 3717; x_wconf 89' lang='lat' dir='ltr'><strong>altera</strong></span> <span class='ocrx_word' id='word_1_393' title='bbox 452 3680 655 3730; x_wconf 84' lang='lat' dir='ltr'><strong>longitudo</strong></span> <span class='ocrx_word' id='word_1_394' title='bbox 678 3681 715 3718; x_wconf 97' lang='lat' dir='ltr'><strong>A</strong></span> <span class='ocrx_word' id='word_1_395' title='bbox 734 3681 772 3718; x_wconf 90' lang='lat' dir='ltr'><strong>k.</strong></span> 
     </span>
    </p>

    <p class='ocr_par' dir='ltr' id='par_1_17' title="bbox 118 3731 1161 3829">
     <span class='ocr_line' id='line_1_53' title="bbox 118 3731 1155 3788; baseline 0.007 -19"><span class='ocrx_word' id='word_1_396' title='bbox 118 3765 134 3785; x_wconf 24' lang='lat' dir='ltr'><strong>a</strong></span> <span class='ocrx_word' id='word_1_397' title='bbox 182 3731 248 3782; x_wconf 82' lang='lat'>(¹¹¹)</span> <span class='ocrx_word' id='word_1_398' title='bbox 285 3734 305 3756; x_wconf 68' lang='lat'><strong>⁴</strong></span> <span class='ocrx_word' id='word_1_399' title='bbox 340 3735 556 3782; x_wconf 80' lang='lat' dir='ltr'><strong>Longitudo</strong></span> <span class='ocrx_word' id='word_1_400' title='bbox 585 3736 623 3771; x_wconf 93' lang='lat' dir='ltr'>A</span> <span class='ocrx_word' id='word_1_401' title='bbox 645 3736 695 3771; x_wconf 91' lang='lat' dir='ltr'><em>H</em></span> <span class='ocrx_word' id='word_1_402' title='bbox 720 3734 813 3773; x_wconf 63' lang='lat' dir='ltr'><strong>rect&amp;</strong></span> <span class='ocrx_word' id='word_1_403' title='bbox 843 3745 1038 3785; x_wconf 81' lang='lat' dir='ltr'><strong>assumpta</strong></span> <span class='ocrx_word' id='word_1_404' title='bbox 1055 3738 1155 3788; x_wconf 78' lang='lat' dir='ltr'><strong>suit.</strong></span> 
     </span>
     <span class='ocr_line' id='line_1_54' title="bbox 121 3783 1161 3829; baseline 0.004 -6"><span class='ocrx_word' id='word_1_405' title='bbox 121 3783 234 3823; x_wconf 71' lang='lat' dir='ltr'><strong>-Data</strong></span> <span class='ocrx_word' id='word_1_406' title='bbox 264 3784 383 3823; x_wconf 88' lang='lat' dir='ltr'><strong>medii</strong></span> <span class='ocrx_word' id='word_1_407' title='bbox 414 3785 599 3825; x_wconf 82' lang='lat' dir='ltr'><strong>densitate</strong></span> <span class='ocrx_word' id='word_1_408' title='bbox 627 3786 667 3823; x_wconf 88' lang='lat' dir='ltr'><strong>in</strong></span> <span class='ocrx_word' id='word_1_409' title='bbox 690 3787 727 3824; x_wconf 95' lang='lat' dir='ltr'>A</span> <span class='ocrx_word' id='word_1_410' title='bbox 748 3800 838 3825; x_wconf 87' lang='lat' dir='ltr'><strong>cum</strong></span> <span class='ocrx_word' id='word_1_411' title='bbox 865 3788 1061 3827; x_wconf 85' lang='lat' dir='ltr'><strong>velocitate</strong></span> <span class='ocrx_word' id='word_1_412' title='bbox 1079 3802 1161 3829; x_wconf 88' lang='lat' dir='ltr'><strong>cor-</strong></span> 
     </span>
    </p>
   </div>
   <div class='ocr_carea' id='block_1_15' title="bbox 115 2045 2254 2202">
    <p class='ocr_par' dir='ltr' id='par_1_18' title="bbox 115 2045 2254 2202">
     <span class='ocr_line' id='line_1_55' title="bbox 1114 2045 2254 2099; baseline 0.001 -2"><span class='ocrx_word' id='word_1_413' title='bbox 1114 2046 1170 2097; x_wconf 85' lang='lat' dir='ltr'><strong>Si</strong></span> <span class='ocrx_word' id='word_1_414' title='bbox 1195 2045 1326 2096; x_wconf 91' lang='lat' dir='ltr'><strong>ratio</strong></span> <span class='ocrx_word' id='word_1_415' title='bbox 1352 2045 1402 2097; x_wconf 89' lang='lat' dir='ltr'>A</span> <span class='ocrx_word' id='word_1_416' title='bbox 1425 2045 1477 2096; x_wconf 91' lang='lat' dir='ltr'><strong>K</strong></span> <span class='ocrx_word' id='word_1_417' title='bbox 1505 2045 1571 2096; x_wconf 88' lang='lat' dir='ltr'><strong>ad</strong></span> <span class='ocrx_word' id='word_1_418' title='bbox 1597 2046 1699 2096; x_wconf 91' lang='lat' dir='ltr'><strong>Ak</strong></span> <span class='ocrx_word' id='word_1_419' title='bbox 1726 2046 1790 2096; x_wconf 91' lang='lat' dir='ltr'><strong>sit</strong></span> <span class='ocrx_word' id='word_1_420' title='bbox 1815 2046 1997 2097; x_wconf 88' lang='lat' dir='ltr'><strong>eadem</strong></span> <span class='ocrx_word' id='word_1_421' title='bbox 2022 2066 2141 2098; x_wconf 89' lang='lat' dir='ltr'><strong>cum</strong></span> <span class='ocrx_word' id='word_1_422' title='bbox 2167 2066 2254 2099; x_wconf 89' lang='lat' dir='ltr'><strong>ra-</strong></span> 
     </span>
     <span class='ocr_line' id='line_1_56' title="bbox 115 2130 1631 2202; baseline 0 -16"><span class='ocrx_word' id='word_1_423' title='bbox 115 2134 255 2186; x_wconf 80' lang='lat' dir='ltr'><strong>tione</strong></span> <span class='ocrx_word' id='word_1_424' title='bbox 278 2132 315 2184; x_wconf 91' lang='lat' dir='ltr'><strong>d</strong></span> <span class='ocrx_word' id='word_1_425' title='bbox 338 2131 405 2184; x_wconf 89' lang='lat' dir='ltr'><strong>ad</strong></span> <span class='ocrx_word' id='word_1_426' title='bbox 429 2150 475 2195; x_wconf 92' lang='lat' dir='ltr'><strong>e,</strong></span> <span class='ocrx_word' id='word_1_427' title='bbox 513 2131 589 2201; x_wconf 70' lang='lat'>(1¹¹)</span> <span class='ocrx_word' id='word_1_428' title='bbox 615 2130 885 2202; x_wconf 83' lang='lat' dir='ltr'><strong>longitudo</strong></span> <span class='ocrx_word' id='word_1_429' title='bbox 913 2131 964 2182; x_wconf 96' lang='lat' dir='ltr'>A</span> <span class='ocrx_word' id='word_1_430' title='bbox 993 2131 1054 2183; x_wconf 91' lang='lat' dir='ltr'>H</span> <span class='ocrx_word' id='word_1_431' title='bbox 1078 2137 1216 2184; x_wconf 80' lang='lat' dir='ltr'><strong>recte</strong></span> <span class='ocrx_word' id='word_1_432' title='bbox 1240 2143 1500 2201; x_wconf 86' lang='lat' dir='ltr'><strong>assumpta</strong></span> <span class='ocrx_word' id='word_1_433' title='bbox 1520 2133 1631 2186; x_wconf 82' lang='lat' dir='ltr'><strong>suit.</strong></span> 
     </span>
    </p>
   </div>
   <div class='ocr_carea' id='block_1_16' title="bbox 1709 2133 2254 2205">
    <p class='ocr_par' dir='ltr' id='par_1_19' title="bbox 1709 2133 2254 2205">
     <span class='ocr_line' id='line_1_57' title="bbox 1709 2133 2254 2205; baseline 0.009 -22"><span class='ocrx_word' id='word_1_434' title='bbox 1709 2133 1802 2192; x_wconf 81' lang='lat' dir='ltr'><strong>Sin</strong></span> <span class='ocrx_word' id='word_1_435' title='bbox 1837 2135 2009 2186; x_wconf 91' lang='lat' dir='ltr'><strong>minus</strong></span> <span class='ocrx_word' id='word_1_436' title='bbox 2036 2153 2179 2205; x_wconf 60' lang='lat' dir='ltr'><strong>capev</strong></span> <span class='ocrx_word' id='word_1_437' title='bbox 2199 2138 2254 2188; x_wconf 90' lang='lat' dir='ltr'><strong>in</strong></span> 
     </span>
    </p>
   </div>
   <div class='ocr_carea' id='block_1_17' title="bbox 1209 2310 2252 2363">
    <p class='ocr_par' dir='ltr' id='par_1_20' title="bbox 1209 2310 2252 2363">
     <span class='ocr_line' id='line_1_58' title="bbox 1209 2310 2252 2363; baseline 0.001 -13"><span class='ocrx_word' id='word_1_438' title='bbox 1209 2310 1311 2360; x_wconf 83' lang='lat' dir='ltr'><strong>poris</strong></span> <span class='ocrx_word' id='word_1_439' title='bbox 1339 2314 1412 2351; x_wconf 78' lang='lat' dir='ltr'><strong>sub</strong></span> <span class='ocrx_word' id='word_1_440' title='bbox 1440 2311 1596 2350; x_wconf 88' lang='lat' dir='ltr'><strong>diversis</strong></span> <span class='ocrx_word' id='word_1_441' title='bbox 1622 2313 1777 2363; x_wconf 85' lang='lat' dir='ltr'><strong>angulis</strong></span> <span class='ocrx_word' id='word_1_442' title='bbox 1798 2312 1843 2351; x_wconf 91' lang='lat' dir='ltr'>H</span> <span class='ocrx_word' id='word_1_443' title='bbox 1868 2313 1905 2351; x_wconf 93' lang='lat' dir='ltr'>A</span> <span class='ocrx_word' id='word_1_444' title='bbox 1926 2312 1981 2359; x_wconf 90' lang='lat' dir='ltr'><strong>K,</strong></span> <span class='ocrx_word' id='word_1_445' title='bbox 2002 2314 2028 2349; x_wconf 91' lang='lat' dir='ltr'><strong>h</strong></span> <span class='ocrx_word' id='word_1_446' title='bbox 2051 2312 2087 2350; x_wconf 92' lang='lat' dir='ltr'>A</span> <span class='ocrx_word' id='word_1_447' title='bbox 2109 2312 2137 2349; x_wconf 90' lang='lat' dir='ltr'><strong>k</strong></span> <span class='ocrx_word' id='word_1_448' title='bbox 2164 2325 2252 2361; x_wconf 86' lang='lat' dir='ltr'><strong>pro-</strong></span> 
     </span>
    </p>
   </div>
   <div class='ocr_carea' id='block_1_18' title="bbox 1206 2417 2255 3736">
    <p class='ocr_par' dir='ltr' id='par_1_21' title="bbox 1206 2417 2255 3736">
     <span class='ocr_line' id='line_1_59' title="bbox 1211 2417 2254 2470; baseline 0 -15"><span class='ocrx_word' id='word_1_449' title='bbox 1211 2419 1248 2455; x_wconf 92' lang='lat' dir='ltr'><strong>A</strong></span> <span class='ocrx_word' id='word_1_450' title='bbox 1273 2417 1316 2455; x_wconf 90' lang='lat' dir='ltr'>H</span> <span class='ocrx_word' id='word_1_451' title='bbox 1346 2418 1503 2467; x_wconf 84' lang='lat' dir='ltr'><strong>aequalis</strong></span> <span class='ocrx_word' id='word_1_452' title='bbox 1531 2426 1587 2456; x_wconf 91' lang='lat' dir='ltr'><strong>est</strong></span> <span class='ocrx_word' id='word_1_453' title='bbox 1620 2419 1794 2468; x_wconf 83' lang='lat' dir='ltr'><strong>tangenti</strong></span> <span class='ocrx_word' id='word_1_454' title='bbox 1825 2419 1865 2456; x_wconf 94' lang='lat' dir='ltr'>A</span> <span class='ocrx_word' id='word_1_455' title='bbox 1883 2420 1910 2455; x_wconf 93' lang='lat' dir='ltr'><strong>h</strong></span> <span class='ocrx_word' id='word_1_456' title='bbox 1938 2420 2024 2470; x_wconf 88' lang='lat' dir='ltr'><strong>(per</strong></span> <span class='ocrx_word' id='word_1_457' title='bbox 2057 2418 2254 2468; x_wconf 88' lang='lat' dir='ltr'><strong>Regulam</strong></span> 
     </span>
     <span class='ocr_line' id='line_1_60' title="bbox 1213 2470 2255 2522; baseline 0 -14"><span class='ocrx_word' id='word_1_458' title='bbox 1213 2470 1318 2520; x_wconf 64' lang='lat'><strong>1³¹⁸).</strong></span> <span class='ocrx_word' id='word_1_459' title='bbox 1380 2472 1494 2508; x_wconf 87' lang='lat' dir='ltr'><strong>Datis</strong></span> <span class='ocrx_word' id='word_1_460' title='bbox 1512 2478 1695 2521; x_wconf 86' lang='lat' dir='ltr'><strong>tangente</strong></span> <span class='ocrx_word' id='word_1_461' title='bbox 1718 2473 1755 2509; x_wconf 92' lang='lat' dir='ltr'>A</span> <span class='ocrx_word' id='word_1_462' title='bbox 1778 2472 1836 2517; x_wconf 92' lang='lat' dir='ltr'><strong>H,</strong></span> <span class='ocrx_word' id='word_1_463' title='bbox 1857 2472 2003 2522; x_wconf 85' lang='lat' dir='ltr'><strong>angulo</strong></span> <span class='ocrx_word' id='word_1_464' title='bbox 2024 2473 2069 2510; x_wconf 93' lang='lat' dir='ltr'>H</span> <span class='ocrx_word' id='word_1_465' title='bbox 2091 2472 2130 2510; x_wconf 89' lang='lat' dir='ltr'>A</span> <span class='ocrx_word' id='word_1_466' title='bbox 2154 2471 2195 2508; x_wconf 92' lang='lat' dir='ltr'><strong>K</strong></span> <span class='ocrx_word' id='word_1_467' title='bbox 2215 2478 2255 2508; x_wconf 87' lang='lat' dir='ltr'><strong>et</strong></span> 
     </span>
     <span class='ocr_line' id='line_1_61' title="bbox 1209 2523 2254 2574; baseline 0.002 -14"><span class='ocrx_word' id='word_1_468' title='bbox 1209 2523 1484 2573; x_wconf 87' lang='lat' dir='ltr'><strong>perpendiculo</strong></span> <span class='ocrx_word' id='word_1_469' title='bbox 1519 2525 1557 2561; x_wconf 94' lang='lat' dir='ltr'><strong>A</strong></span> <span class='ocrx_word' id='word_1_470' title='bbox 1579 2525 1613 2569; x_wconf 90' lang='grc' dir='ltr'><strong>Ι,</strong></span> <span class='ocrx_word' id='word_1_471' title='bbox 1647 2525 1857 2574; x_wconf 86' lang='lat' dir='ltr'><strong>hyperbola</strong></span> <span class='ocrx_word' id='word_1_472' title='bbox 1892 2527 1929 2562; x_wconf 92' lang='lat' dir='ltr'><strong>A</strong></span> <span class='ocrx_word' id='word_1_473' title='bbox 1956 2525 1994 2561; x_wconf 91' lang='lat' dir='ltr'>G</span> <span class='ocrx_word' id='word_1_474' title='bbox 2016 2525 2058 2562; x_wconf 88' lang='lat' dir='ltr'><strong>K</strong></span> <span class='ocrx_word' id='word_1_475' title='bbox 2090 2524 2254 2563; x_wconf 86' lang='lat' dir='ltr'><strong>describi</strong></span> 
     </span>
     <span class='ocr_line' id='line_1_62' title="bbox 1206 2575 2252 2628; baseline 0.001 -15"><span class='ocrx_word' id='word_1_476' title='bbox 1206 2584 1331 2625; x_wconf 86' lang='lat' dir='ltr'><strong>potest</strong></span> <span class='ocrx_word' id='word_1_477' title='bbox 1351 2578 1436 2628; x_wconf 82' lang='lat' dir='ltr'><strong>(per</strong></span> <span class='ocrx_word' id='word_1_478' title='bbox 1457 2578 1556 2627; x_wconf 87' lang='lat' dir='ltr'><strong>Reg.</strong></span> <span class='ocrx_word' id='word_1_479' title='bbox 1582 2577 1672 2615; x_wconf 60' lang='lat'><strong>6³³²·</strong></span> <span class='ocrx_word' id='word_1_480' title='bbox 1693 2585 1732 2615; x_wconf 86' lang='lat' dir='ltr'><strong>et</strong></span> <span class='ocrx_word' id='word_1_481' title='bbox 1749 2586 1882 2615; x_wconf 85' lang='lat' dir='ltr'><strong>notam</strong></span> <span class='ocrx_word' id='word_1_482' title='bbox 1899 2578 2086 2627; x_wconf 82' lang='lat' dir='ltr'><strong>praeced.)</strong></span> <span class='ocrx_word' id='word_1_483' title='bbox 2108 2585 2146 2615; x_wconf 88' lang='lat' dir='ltr'><strong>et</strong></span> <span class='ocrx_word' id='word_1_484' title='bbox 2164 2575 2252 2614; x_wconf 73' lang='lat' dir='ltr'><strong>ideo</strong></span> 
     </span>
     <span class='ocr_line' id='line_1_63' title="bbox 1208 2629 2251 2680; baseline -0.001 -13"><span class='ocrx_word' id='word_1_485' title='bbox 1208 2629 1297 2667; x_wconf 85' lang='lat' dir='ltr'><strong>data</strong></span> <span class='ocrx_word' id='word_1_486' title='bbox 1315 2638 1371 2666; x_wconf 88' lang='lat' dir='ltr'><strong>est</strong></span> <span class='ocrx_word' id='word_1_487' title='bbox 1388 2634 1473 2667; x_wconf 87' lang='lat' dir='ltr'><strong>tum</strong></span> <span class='ocrx_word' id='word_1_488' title='bbox 1502 2630 1639 2678; x_wconf 88' lang='lat' dir='ltr'><strong>specie,</strong></span> <span class='ocrx_word' id='word_1_489' title='bbox 1671 2637 1758 2668; x_wconf 83' lang='lat' dir='ltr'><strong>tum</strong></span> <span class='ocrx_word' id='word_1_490' title='bbox 1786 2629 2069 2680; x_wconf 86' lang='lat' dir='ltr'><strong>magnitudine.</strong></span> <span class='ocrx_word' id='word_1_491' title='bbox 2133 2629 2251 2668; x_wconf 89' lang='lat' dir='ltr'><strong>Unde</strong></span> 
     </span>
     <span class='ocr_line' id='line_1_64' title="bbox 1212 2682 2252 2734; baseline 0 -14"><span class='ocrx_word' id='word_1_492' title='bbox 1212 2682 1242 2720; x_wconf 88' lang='lat' dir='ltr'><strong>si</strong></span> <span class='ocrx_word' id='word_1_493' title='bbox 1270 2682 1412 2720; x_wconf 89' lang='lat' dir='ltr'><strong>dentur</strong></span> <span class='ocrx_word' id='word_1_494' title='bbox 1436 2689 1588 2719; x_wconf 87' lang='lat' dir='ltr'><strong>tantum</strong></span> <span class='ocrx_word' id='word_1_495' title='bbox 1615 2683 1784 2734; x_wconf 87' lang='lat' dir='ltr'><strong>angulus</strong></span> <span class='ocrx_word' id='word_1_496' title='bbox 1804 2684 1849 2720; x_wconf 92' lang='lat' dir='ltr'>H</span> <span class='ocrx_word' id='word_1_497' title='bbox 1874 2684 1911 2720; x_wconf 92' lang='lat' dir='ltr'><strong>A</strong></span> <span class='ocrx_word' id='word_1_498' title='bbox 1936 2683 1978 2720; x_wconf 93' lang='lat' dir='ltr'><strong>K</strong></span> <span class='ocrx_word' id='word_1_499' title='bbox 1996 2690 2035 2720; x_wconf 89' lang='lat' dir='ltr'><strong>et</strong></span> <span class='ocrx_word' id='word_1_500' title='bbox 2053 2683 2148 2720; x_wconf 85' lang='lat' dir='ltr'><strong>ratio</strong></span> <span class='ocrx_word' id='word_1_501' title='bbox 2166 2690 2252 2720; x_wconf 90' lang='lat' dir='ltr'><strong>tan-</strong></span> 
     </span>
     <span class='ocr_line' id='line_1_65' title="bbox 1213 2734 2252 2785; baseline 0.002 -14"><span class='ocrx_word' id='word_1_502' title='bbox 1213 2736 1339 2785; x_wconf 81' lang='lat' dir='ltr'><strong>gentis</strong></span> <span class='ocrx_word' id='word_1_503' title='bbox 1374 2735 1417 2772; x_wconf 93' lang='lat' dir='ltr'>H</span> <span class='ocrx_word' id='word_1_504' title='bbox 1444 2738 1480 2772; x_wconf 96' lang='lat' dir='ltr'><strong>A</strong></span> <span class='ocrx_word' id='word_1_505' title='bbox 1501 2734 1550 2772; x_wconf 92' lang='lat' dir='ltr'><strong>ad</strong></span> <span class='ocrx_word' id='word_1_506' title='bbox 1571 2736 1609 2773; x_wconf 94' lang='lat' dir='ltr'><strong>A</strong></span> <span class='ocrx_word' id='word_1_507' title='bbox 1633 2736 1668 2782; x_wconf 89' lang='lat' dir='ltr'><strong>I,</strong></span> <span class='ocrx_word' id='word_1_508' title='bbox 1700 2735 1909 2785; x_wconf 88' lang='lat' dir='ltr'><strong>hyperbola</strong></span> <span class='ocrx_word' id='word_1_509' title='bbox 1933 2738 1970 2773; x_wconf 96' lang='lat' dir='ltr'><strong>A</strong></span> <span class='ocrx_word' id='word_1_510' title='bbox 1995 2736 2032 2773; x_wconf 91' lang='lat' dir='ltr'>G</span> <span class='ocrx_word' id='word_1_511' title='bbox 2056 2736 2098 2774; x_wconf 90' lang='lat' dir='ltr'><strong>K</strong></span> <span class='ocrx_word' id='word_1_512' title='bbox 2126 2735 2252 2784; x_wconf 88' lang='lat' dir='ltr'><strong>specie</strong></span> 
     </span>
     <span class='ocr_line' id='line_1_66' title="bbox 1212 2787 2251 2838; baseline -0.001 -13"><span class='ocrx_word' id='word_1_513' title='bbox 1212 2796 1364 2825; x_wconf 87' lang='lat' dir='ltr'><strong>tantum</strong></span> <span class='ocrx_word' id='word_1_514' title='bbox 1392 2787 1556 2833; x_wconf 88' lang='lat' dir='ltr'><strong>dabitur,</strong></span> <span class='ocrx_word' id='word_1_515' title='bbox 1584 2788 1626 2826; x_wconf 89' lang='lat' dir='ltr'><strong>id</strong></span> <span class='ocrx_word' id='word_1_516' title='bbox 1644 2796 1711 2833; x_wconf 90' lang='lat' dir='ltr'><strong>est,</strong></span> <span class='ocrx_word' id='word_1_517' title='bbox 1740 2801 1873 2826; x_wconf 89' lang='lat' dir='ltr'><strong>omnes</strong></span> <span class='ocrx_word' id='word_1_518' title='bbox 1899 2789 2128 2838; x_wconf 86' lang='lat' dir='ltr'><strong>hyperbolae,</strong></span> <span class='ocrx_word' id='word_1_519' title='bbox 2163 2801 2251 2838; x_wconf 88' lang='lat' dir='ltr'><strong>quae</strong></span> 
     </span>
     <span class='ocr_line' id='line_1_67' title="bbox 1212 2840 2246 2888; baseline 0.001 -11"><span class='ocrx_word' id='word_1_520' title='bbox 1212 2854 1259 2878; x_wconf 85' lang='lat' dir='ltr'><strong>ex</strong></span> <span class='ocrx_word' id='word_1_521' title='bbox 1278 2841 1338 2877; x_wconf 89' lang='lat' dir='ltr'><strong>his</strong></span> <span class='ocrx_word' id='word_1_522' title='bbox 1356 2840 1508 2878; x_wconf 91' lang='lat' dir='ltr'><strong>duobus</strong></span> <span class='ocrx_word' id='word_1_523' title='bbox 1532 2841 1629 2879; x_wconf 88' lang='lat' dir='ltr'><strong>datis</strong></span> <span class='ocrx_word' id='word_1_524' title='bbox 1656 2841 1928 2888; x_wconf 84' lang='lat' dir='ltr'><strong>describentur,</strong></span> <span class='ocrx_word' id='word_1_525' title='bbox 1959 2841 2102 2879; x_wconf 88' lang='lat' dir='ltr'><strong>similes</strong></span> <span class='ocrx_word' id='word_1_526' title='bbox 2121 2848 2246 2878; x_wconf 89' lang='lat' dir='ltr'><strong>erunt.</strong></span> 
     </span>
     <span class='ocr_line' id='line_1_68' title="bbox 1217 2893 2253 2944; baseline 0 -14"><span class='ocrx_word' id='word_1_527' title='bbox 1217 2895 1347 2938; x_wconf 78' lang='lat' dir='ltr'><strong>Quare</strong></span> <span class='ocrx_word' id='word_1_528' title='bbox 1374 2894 1404 2930; x_wconf 94' lang='lat' dir='ltr'><strong>si</strong></span> <span class='ocrx_word' id='word_1_529' title='bbox 1432 2893 1474 2930; x_wconf 91' lang='lat' dir='ltr'><strong>in</strong></span> <span class='ocrx_word' id='word_1_530' title='bbox 1500 2894 1708 2944; x_wconf 69' lang='lat' dir='ltr'><strong>hyperbola</strong></span> <span class='ocrx_word' id='word_1_531' title='bbox 1732 2896 1767 2932; x_wconf 90' lang='lat' dir='ltr'><strong>A</strong></span> <span class='ocrx_word' id='word_1_532' title='bbox 1793 2896 1831 2932; x_wconf 90' lang='lat' dir='ltr'><strong>G</strong></span> <span class='ocrx_word' id='word_1_533' title='bbox 1851 2895 1904 2939; x_wconf 89' lang='lat' dir='ltr'><strong>K,</strong></span> <span class='ocrx_word' id='word_1_534' title='bbox 1936 2907 2023 2944; x_wconf 88' lang='lat' dir='ltr'><strong>quae</strong></span> <span class='ocrx_word' id='word_1_535' title='bbox 2049 2895 2089 2931; x_wconf 91' lang='lat' dir='ltr'><strong>in</strong></span> <span class='ocrx_word' id='word_1_536' title='bbox 2121 2893 2253 2932; x_wconf 65' lang='lat' dir='ltr'><strong>charta</strong></span> 
     </span>
     <span class='ocr_line' id='line_1_69' title="bbox 1212 2946 2251 2998; baseline 0.001 -15"><span class='ocrx_word' id='word_1_537' title='bbox 1212 2946 1399 2995; x_wconf 83' lang='lat' dir='ltr'><strong>descripta</strong></span> <span class='ocrx_word' id='word_1_538' title='bbox 1417 2948 1657 2995; x_wconf 86' lang='lat' dir='ltr'><strong>supponitur,</strong></span> <span class='ocrx_word' id='word_1_539' title='bbox 1684 2955 1847 2998; x_wconf 87' lang='lat' dir='ltr'><strong>tangens</strong></span> <span class='ocrx_word' id='word_1_540' title='bbox 1865 2954 2062 2996; x_wconf 87' lang='lat' dir='ltr'><strong>assumpta</strong></span> <span class='ocrx_word' id='word_1_541' title='bbox 2082 2948 2119 2984; x_wconf 96' lang='lat' dir='ltr'><strong>A</strong></span> <span class='ocrx_word' id='word_1_542' title='bbox 2139 2947 2182 2983; x_wconf 95' lang='lat' dir='ltr'>H</span> <span class='ocrx_word' id='word_1_543' title='bbox 2203 2946 2251 2984; x_wconf 89' lang='lat' dir='ltr'><strong>sit</strong></span> 
     </span>
     <span class='ocr_line' id='line_1_70' title="bbox 1217 2999 2250 3049; baseline -0.002 -12"><span class='ocrx_word' id='word_1_544' title='bbox 1217 3000 1266 3037; x_wconf 87' lang='lat' dir='ltr'><strong>ad</strong></span> <span class='ocrx_word' id='word_1_545' title='bbox 1283 2999 1602 3048; x_wconf 80' lang='lat' dir='ltr'><strong>perpendiculum</strong></span> <span class='ocrx_word' id='word_1_546' title='bbox 1633 3001 1670 3038; x_wconf 93' lang='lat' dir='ltr'><strong>A</strong></span> <span class='ocrx_word' id='word_1_547' title='bbox 1693 3001 1729 3045; x_wconf 88' lang='lat' dir='ltr'><strong>I,</strong></span> <span class='ocrx_word' id='word_1_548' title='bbox 1763 3008 1808 3038; x_wconf 91' lang='lat' dir='ltr'><strong>ut</strong></span> <span class='ocrx_word' id='word_1_549' title='bbox 1836 3008 1999 3049; x_wconf 85' lang='lat' dir='ltr'><strong>tangens</strong></span> <span class='ocrx_word' id='word_1_550' title='bbox 2030 2999 2250 3049; x_wconf 82' lang='lat' dir='ltr'><strong>hyperbolae</strong></span> 
     </span>
     <span class='ocr_line' id='line_1_71' title="bbox 1216 3052 2251 3103; baseline -0.001 -13"><span class='ocrx_word' id='word_1_551' title='bbox 1216 3065 1332 3102; x_wconf 86' lang='lat' dir='ltr'><strong>quam</strong></span> <span class='ocrx_word' id='word_1_552' title='bbox 1351 3065 1489 3101; x_wconf 90' lang='lat' dir='ltr'><strong>corpus</strong></span> <span class='ocrx_word' id='word_1_553' title='bbox 1507 3055 1578 3093; x_wconf 89' lang='lat' dir='ltr'><strong>sub</strong></span> <span class='ocrx_word' id='word_1_554' title='bbox 1597 3053 1743 3103; x_wconf 88' lang='lat' dir='ltr'><strong>angulo</strong></span> <span class='ocrx_word' id='word_1_555' title='bbox 1763 3053 1899 3103; x_wconf 89' lang='lat' dir='ltr'><strong>aequali</strong></span> <span class='ocrx_word' id='word_1_556' title='bbox 1919 3053 1962 3090; x_wconf 92' lang='lat' dir='ltr'>H</span> <span class='ocrx_word' id='word_1_557' title='bbox 1985 3054 2022 3090; x_wconf 92' lang='lat' dir='ltr'><strong>A</strong></span> <span class='ocrx_word' id='word_1_558' title='bbox 2044 3053 2083 3090; x_wconf 89' lang='lat' dir='ltr'><strong>K</strong></span> <span class='ocrx_word' id='word_1_559' title='bbox 2104 3052 2251 3102; x_wconf 88' lang='lat' dir='ltr'><strong>projec-</strong></span> 
     </span>
     <span class='ocr_line' id='line_1_72' title="bbox 1212 3105 2251 3151; baseline -0.001 -9"><span class='ocrx_word' id='word_1_560' title='bbox 1212 3114 1296 3142; x_wconf 86' lang='lat' dir='ltr'><strong>tum</strong></span> <span class='ocrx_word' id='word_1_561' title='bbox 1316 3105 1357 3142; x_wconf 91' lang='lat' dir='ltr'><strong>in</strong></span> <span class='ocrx_word' id='word_1_562' title='bbox 1375 3105 1503 3142; x_wconf 86' lang='lat' dir='ltr'><strong>medio</strong></span> <span class='ocrx_word' id='word_1_563' title='bbox 1530 3106 1725 3143; x_wconf 85' lang='lat' dir='ltr'><strong>resistente</strong></span> <span class='ocrx_word' id='word_1_564' title='bbox 1753 3106 1942 3151; x_wconf 85' lang='lat' dir='ltr'><strong>describit,</strong></span> <span class='ocrx_word' id='word_1_565' title='bbox 1974 3113 2032 3143; x_wconf 89' lang='lat' dir='ltr'><strong>est</strong></span> <span class='ocrx_word' id='word_1_566' title='bbox 2058 3105 2107 3142; x_wconf 85' lang='lat' dir='ltr'><strong>ad</strong></span> <span class='ocrx_word' id='word_1_567' title='bbox 2134 3117 2251 3142; x_wconf 89' lang='lat' dir='ltr'><strong>suum</strong></span> 
     </span>
     <span class='ocr_line' id='line_1_73' title="bbox 1213 3158 2252 3208; baseline -0.002 -12"><span class='ocrx_word' id='word_1_568' title='bbox 1213 3158 1529 3207; x_wconf 90' lang='lat' dir='ltr'><strong>perpendiculum</strong></span> <span class='ocrx_word' id='word_1_569' title='bbox 1551 3160 1589 3197; x_wconf 94' lang='lat' dir='ltr'><strong>A</strong></span> <span class='ocrx_word' id='word_1_570' title='bbox 1608 3160 1629 3196; x_wconf 87' lang='grc' dir='ltr'><strong>Ι</strong></span> <span class='ocrx_word' id='word_1_571' title='bbox 1643 3174 1654 3205; x_wconf 87' lang='grc'><strong>;</strong></span> <span class='ocrx_word' id='word_1_572' title='bbox 1674 3159 1881 3208; x_wconf 87' lang='lat' dir='ltr'><strong>hyperbola</strong></span> <span class='ocrx_word' id='word_1_573' title='bbox 1897 3160 1932 3196; x_wconf 92' lang='lat' dir='ltr'><strong>A</strong></span> <span class='ocrx_word' id='word_1_574' title='bbox 1953 3160 1992 3196; x_wconf 91' lang='lat' dir='ltr'><strong>G</strong></span> <span class='ocrx_word' id='word_1_575' title='bbox 2009 3159 2050 3196; x_wconf 81' lang='lat' dir='ltr'><strong>K</strong></span> <span class='ocrx_word' id='word_1_576' title='bbox 2065 3160 2106 3195; x_wconf 88' lang='lat' dir='ltr'><strong>in</strong></span> <span class='ocrx_word' id='word_1_577' title='bbox 2119 3158 2252 3195; x_wconf 76' lang='lat' dir='ltr'><strong>charta</strong></span> 
     </span>
     <span class='ocr_line' id='line_1_74' title="bbox 1211 3210 2248 3262; baseline 0 -14"><span class='ocrx_word' id='word_1_578' title='bbox 1211 3211 1398 3260; x_wconf 87' lang='lat' dir='ltr'><strong>descripta</strong></span> <span class='ocrx_word' id='word_1_579' title='bbox 1427 3211 1562 3248; x_wconf 86' lang='lat' dir='ltr'><strong>similis</strong></span> <span class='ocrx_word' id='word_1_580' title='bbox 1594 3212 1665 3249; x_wconf 87' lang='lat' dir='ltr'><strong>erit</strong></span> <span class='ocrx_word' id='word_1_581' title='bbox 1691 3212 1910 3262; x_wconf 84' lang='lat' dir='ltr'><strong>hyperbolae</strong></span> <span class='ocrx_word' id='word_1_582' title='bbox 1937 3225 2024 3262; x_wconf 88' lang='lat' dir='ltr'><strong>quae</strong></span> <span class='ocrx_word' id='word_1_583' title='bbox 2052 3210 2248 3248; x_wconf 81' lang='lat' dir='ltr'><strong>in&#39;rnedio</strong></span> 
     </span>
     <span class='ocr_line' id='line_1_75' title="bbox 1210 3263 2250 3315; baseline 0 -15"><span class='ocrx_word' id='word_1_584' title='bbox 1210 3264 1407 3302; x_wconf 84' lang='lat' dir='ltr'><strong>resistente</strong></span> <span class='ocrx_word' id='word_1_585' title='bbox 1426 3263 1659 3302; x_wconf 84' lang='lat' dir='ltr'><strong>describitur.</strong></span> <span class='ocrx_word' id='word_1_586' title='bbox 1721 3267 1774 3302; x_wconf 78' lang='lat' dir='ltr'><strong>Et</strong></span> <span class='ocrx_word' id='word_1_587' title='bbox 1793 3265 1927 3302; x_wconf 88' lang='lat' dir='ltr'><strong>eodem</strong></span> <span class='ocrx_word' id='word_1_588' title='bbox 1947 3272 2176 3315; x_wconf 88' lang='lat' dir='ltr'><strong>argumento</strong></span> <span class='ocrx_word' id='word_1_589' title='bbox 2194 3263 2250 3300; x_wconf 88' lang='lat' dir='ltr'><strong>al·</strong></span> 
     </span>
     <span class='ocr_line' id='line_1_76' title="bbox 1209 3317 2250 3367; baseline -0.001 -13"><span class='ocrx_word' id='word_1_590' title='bbox 1209 3325 1290 3354; x_wconf 86' lang='lat' dir='ltr'><strong>tera</strong></span> <span class='ocrx_word' id='word_1_591' title='bbox 1307 3318 1524 3366; x_wconf 87' lang='lat' dir='ltr'><strong>hyperbola,</strong></span> <span class='ocrx_word' id='word_1_592' title='bbox 1546 3317 1656 3367; x_wconf 88' lang='lat' dir='ltr'><strong>cujus</strong></span> <span class='ocrx_word' id='word_1_593' title='bbox 1673 3325 1729 3355; x_wconf 87' lang='lat' dir='ltr'><strong>est</strong></span> <span class='ocrx_word' id='word_1_594' title='bbox 1743 3317 1960 3366; x_wconf 90' lang='lat' dir='ltr'><strong>amplitudo</strong></span> <span class='ocrx_word' id='word_1_595' title='bbox 1982 3319 2020 3355; x_wconf 91' lang='lat' dir='ltr'><strong>A</strong></span> <span class='ocrx_word' id='word_1_596' title='bbox 2039 3317 2080 3363; x_wconf 93' lang='lat' dir='ltr'><strong>k,</strong></span> <span class='ocrx_word' id='word_1_597' title='bbox 2108 3325 2147 3354; x_wconf 86' lang='lat' dir='ltr'><strong>et</strong></span> <span class='ocrx_word' id='word_1_598' title='bbox 2165 3324 2250 3354; x_wconf 80' lang='lat' dir='ltr'><strong>tan·-</strong></span> 
     </span>
     <span class='ocr_line' id='line_1_77' title="bbox 1211 3369 2250 3425; baseline -0.002 -18"><span class='ocrx_word' id='word_1_599' title='bbox 1211 3383 1307 3419; x_wconf 87' lang='lat' dir='ltr'><strong>gens</strong></span> <span class='ocrx_word' id='word_1_600' title='bbox 1328 3371 1366 3407; x_wconf 90' lang='lat' dir='ltr'><strong>A</strong></span> <span class='ocrx_word' id='word_1_601' title='bbox 1386 3372 1425 3415; x_wconf 91' lang='lat' dir='ltr'><strong>h,</strong></span> <span class='ocrx_word' id='word_1_602' title='bbox 1462 3378 1642 3425; x_wconf 68' lang='lat' dir='ltr'><strong>mapente</strong></span> <span class='ocrx_word' id='word_1_603' title='bbox 1674 3371 1949 3419; x_wconf 89' lang='lat' dir='ltr'><strong>perpendiculo</strong></span> <span class='ocrx_word' id='word_1_604' title='bbox 1976 3371 2014 3408; x_wconf 94' lang='lat' dir='ltr'><strong>A</strong></span> <span class='ocrx_word' id='word_1_605' title='bbox 2049 3370 2082 3416; x_wconf 88' lang='grc' dir='ltr'><strong>Ι,</strong></span> <span class='ocrx_word' id='word_1_606' title='bbox 2114 3369 2250 3406; x_wconf 85' lang='lat' dir='ltr'><strong>similis</strong></span> 
     </span>
     <span class='ocr_line' id='line_1_78' title="bbox 1213 3421 2248 3472; baseline -0.002 -13"><span class='ocrx_word' id='word_1_607' title='bbox 1213 3423 1286 3459; x_wconf 89' lang='lat' dir='ltr'><strong>erit</strong></span> <span class='ocrx_word' id='word_1_608' title='bbox 1321 3422 1538 3471; x_wconf 79' lang='lat' dir='ltr'><strong>hyperbolae</strong></span> <span class='ocrx_word' id='word_1_609' title='bbox 1575 3423 1631 3459; x_wconf 83' lang='lat' dir='ltr'><strong>illi</strong></span> <span class='ocrx_word' id='word_1_610' title='bbox 1666 3436 1784 3472; x_wconf 88' lang='lat' dir='ltr'><strong>quam</strong></span> <span class='ocrx_word' id='word_1_611' title='bbox 1821 3436 1960 3472; x_wconf 90' lang='lat' dir='ltr'><strong>corpus</strong></span> <span class='ocrx_word' id='word_1_612' title='bbox 1996 3425 2068 3460; x_wconf 90' lang='lat' dir='ltr'><strong>sub</strong></span> <span class='ocrx_word' id='word_1_613' title='bbox 2103 3421 2248 3472; x_wconf 87' lang='lat' dir='ltr'><strong>angulo</strong></span> 
     </span>
     <span class='ocr_line' id='line_1_79' title="bbox 1215 3475 2247 3525; baseline -0.001 -14"><span class='ocrx_word' id='word_1_614' title='bbox 1215 3476 1352 3525; x_wconf 84' lang='lat' dir='ltr'><strong>aequali</strong></span> <span class='ocrx_word' id='word_1_615' title='bbox 1371 3477 1394 3511; x_wconf 86' lang='lat' dir='ltr'><strong>h</strong></span> <span class='ocrx_word' id='word_1_616' title='bbox 1420 3477 1456 3511; x_wconf 93' lang='lat' dir='ltr'><strong>A</strong></span> <span class='ocrx_word' id='word_1_617' title='bbox 1476 3475 1514 3520; x_wconf 88' lang='lat' dir='ltr'><strong>k,</strong></span> <span class='ocrx_word' id='word_1_618' title='bbox 1536 3476 1747 3525; x_wconf 89' lang='lat' dir='ltr'><strong>projectum</strong></span> <span class='ocrx_word' id='word_1_619' title='bbox 1763 3476 1803 3512; x_wconf 91' lang='lat' dir='ltr'><strong>in</strong></span> <span class='ocrx_word' id='word_1_620' title='bbox 1818 3476 1989 3514; x_wconf 87' lang='lat' dir='ltr'><strong>secundo</strong></span> <span class='ocrx_word' id='word_1_621' title='bbox 2008 3476 2247 3524; x_wconf 88' lang='lat' dir='ltr'><strong>experimen-</strong></span> 
     </span>
     <span class='ocr_line' id='line_1_80' title="bbox 1214 3526 2248 3579; baseline -0.006 -11"><span class='ocrx_word' id='word_1_622' title='bbox 1214 3535 1255 3568; x_wconf 79' lang='lat' dir='ltr'><strong>to</strong></span> <span class='ocrx_word' id='word_1_623' title='bbox 1286 3527 1475 3565; x_wconf 84' lang='lat' dir='ltr'><strong>describit.</strong></span> <span class='ocrx_word' id='word_1_624' title='bbox 1539 3526 1631 3571; x_wconf 69' lang='lat' dir='ltr'><strong>Qua</strong></span> <span class='ocrx_word' id='word_1_625' title='bbox 1665 3535 1829 3577; x_wconf 87' lang='lat' dir='ltr'><strong>propter,</strong></span> <span class='ocrx_word' id='word_1_626' title='bbox 1862 3530 1913 3566; x_wconf 91' lang='lat' dir='ltr'><strong>ob</strong></span> <span class='ocrx_word' id='word_1_627' title='bbox 1953 3529 2168 3579; x_wconf 80' lang='lat' dir='ltr'><strong>figurarum</strong></span> <span class='ocrx_word' id='word_1_628' title='bbox 2206 3526 2248 3562; x_wconf 90' lang='lat' dir='ltr'><strong>in</strong></span> 
     </span>
     <span class='ocr_line' id='line_1_81' title="bbox 1212 3578 2249 3630; baseline -0.003 -13"><span class='ocrx_word' id='word_1_629' title='bbox 1212 3579 1342 3617; x_wconf 57' lang='lat' dir='ltr'><strong>chart&amp;</strong></span> <span class='ocrx_word' id='word_1_630' title='bbox 1361 3589 1398 3617; x_wconf 89' lang='lat' dir='ltr'><strong>et</strong></span> <span class='ocrx_word' id='word_1_631' title='bbox 1416 3580 1456 3616; x_wconf 90' lang='lat' dir='ltr'><strong>in</strong></span> <span class='ocrx_word' id='word_1_632' title='bbox 1472 3580 1600 3618; x_wconf 90' lang='lat' dir='ltr'><strong>medio</strong></span> <span class='ocrx_word' id='word_1_633' title='bbox 1618 3581 1813 3619; x_wconf 84' lang='lat' dir='ltr'><strong>resistente</strong></span> <span class='ocrx_word' id='word_1_634' title='bbox 1839 3581 2115 3630; x_wconf 81' lang='lat' dir='ltr'><strong>descriptarum</strong></span> <span class='ocrx_word' id='word_1_635' title='bbox 2142 3578 2249 3616; x_wconf 87' lang='lat' dir='ltr'><strong>simi-</strong></span> 
     </span>
     <span class='ocr_line' id='line_1_82' title="bbox 1212 3631 2250 3681; baseline -0.004 -11"><span class='ocrx_word' id='word_1_636' title='bbox 1212 3633 1427 3677; x_wconf 89' lang='lat' dir='ltr'><strong>litudinem,</strong></span> <span class='ocrx_word' id='word_1_637' title='bbox 1448 3632 1720 3681; x_wconf 86' lang='lat' dir='ltr'><strong>amplitudines</strong></span> <span class='ocrx_word' id='word_1_638' title='bbox 1750 3635 1787 3671; x_wconf 92' lang='lat' dir='ltr'><strong>A</strong></span> <span class='ocrx_word' id='word_1_639' title='bbox 1810 3634 1863 3680; x_wconf 86' lang='lat' dir='ltr'><strong>K,</strong></span> <span class='ocrx_word' id='word_1_640' title='bbox 1900 3636 1937 3673; x_wconf 93' lang='lat' dir='ltr'><strong>A</strong></span> <span class='ocrx_word' id='word_1_641' title='bbox 1956 3635 1984 3671; x_wconf 93' lang='lat' dir='ltr'>k</span> <span class='ocrx_word' id='word_1_642' title='bbox 2010 3640 2124 3671; x_wconf 89' lang='lat' dir='ltr'><strong>erunt</strong></span> <span class='ocrx_word' id='word_1_643' title='bbox 2150 3631 2250 3667; x_wconf 86' lang='lat' dir='ltr'><strong>inter</strong></span> 
     </span>
     <span class='ocr_line' id='line_1_83' title="bbox 1213 3685 2249 3736; baseline -0.002 -14"><span class='ocrx_word' id='word_1_644' title='bbox 1213 3698 1254 3723; x_wconf 87' lang='lat' dir='ltr'><strong>se</strong></span> <span class='ocrx_word' id='word_1_645' title='bbox 1272 3694 1317 3722; x_wconf 88' lang='lat' dir='ltr'><strong>ut</strong></span> <span class='ocrx_word' id='word_1_646' title='bbox 1334 3685 1551 3734; x_wconf 88' lang='lat' dir='ltr'><strong>homologae</strong></span> <span class='ocrx_word' id='word_1_647' title='bbox 1569 3686 2146 3736; x_wconf 83' lang='lat' dir='ltr'><strong>amplitudines&#39;hyperbolarum</strong></span> <span class='ocrx_word' id='word_1_648' title='bbox 2161 3695 2249 3733; x_wconf 89' lang='lat' dir='ltr'><strong>quae</strong></span> 
     </span>
    </p>
   </div>
   <div class='ocr_carea' id='block_1_19' title="bbox 1213 3736 2241 3830">
    <p class='ocr_par' dir='ltr' id='par_1_22' title="bbox 1213 3736 2241 3830">
     <span class='ocr_line' id='line_1_84' title="bbox 1213 3736 2241 3828; baseline 0 -53"><span class='ocrx_word' id='word_1_649' title='bbox 1213 3738 1257 3828; x_wconf 46' lang='lat' dir='ltr'><strong>itti</strong></span> <span class='ocrx_word' id='word_1_650' title='bbox 1276 3738 1551 3828; x_wconf 53' lang='grc' dir='ltr'><strong>ἓκρατὲηιειιιίε</strong></span> <span class='ocrx_word' id='word_1_651' title='bbox 1577 3738 1774 3789; x_wconf 71' lang='lat' dir='ltr'><strong>descriptae</strong></span> <span class='ocrx_word' id='word_1_652' title='bbox 1801 3748 1903 3786; x_wconf 86' lang='lat' dir='ltr'><strong>sunt,</strong></span> <span class='ocrx_word' id='word_1_653' title='bbox 1935 3738 1979 3777; x_wconf 83' lang='lat' dir='ltr'><strong>id</strong></span> <span class='ocrx_word' id='word_1_654' title='bbox 2004 3744 2072 3785; x_wconf 83' lang='lat' dir='ltr'><strong>est,</strong></span> <span class='ocrx_word' id='word_1_655' title='bbox 2109 3737 2149 3776; x_wconf 91' lang='lat' dir='ltr'><strong>A</strong></span> <span class='ocrx_word' id='word_1_656' title='bbox 2169 3736 2241 3776; x_wconf 87' lang='lat' dir='ltr'><strong>K:</strong></span> 
     </span>
     <span class='ocr_line' id='line_1_85' title="bbox 1321 3804 1508 3830; baseline 0.016 -3"><span class='ocrx_word' id='word_1_657' title='bbox 1321 3807 1377 3827; x_wconf 86' lang='lat'><strong><em>=</em></strong></span> <span class='ocrx_word' id='word_1_658' title='bbox 1441 3807 1450 3830; x_wconf 72' lang='grc' dir='ltr'>ι</span> <span class='ocrx_word' id='word_1_659' title='bbox 1474 3804 1508 3830; x_wconf 87' lang='lat' dir='ltr'><strong>e.</strong></span> 
     </span>
    </p>
   </div>
   <div class='ocr_carea' id='block_1_20' title="bbox 1151 3859 1230 3898">
    <p class='ocr_par' dir='ltr' id='par_1_23' title="bbox 1151 3859 1230 3898">
     <span class='ocr_line' id='line_1_86' title="bbox 1151 3859 1230 3898; baseline -0.013 0"><span class='ocrx_word' id='word_1_660' title='bbox 1151 3859 1230 3898; x_wconf 82' lang='lat' dir='ltr'><strong>F2</strong></span> 
     </span>
    </p>
   </div>
  </div>
 </body>
</html>
