2502 4192
247 322 312 364 38
413 332 420 341 ·
798 311 1367 366 PHILOSOPHIAE*
1400 309 1847 363 NATURALIS
1920 310 2100 373 [Mo'r.
2131 308 2367 359 Conpon.

246 457 297 510 A
326 458 372 509 B
404 468 444 511 Χ
487 458 539 509 Κ
566 459 629 521 k;
669 468 720 510 et
744 458 941 523 ultimo,
984 459 1072 511 ubi
1100 461 1286 510 co'e'unt
1315 458 1364 509 A
1395 457 1441 508 B
1479 466 1529 507 et
1570 456 1621 506 K
1645 456 1698 516 k,
1744 464 1801 505 ut
1838 455 1887 505 A
1915 453 1960 504 B
1986 473 2034 522 q.
2113 454 2182 504 Et
2222 454 2376 504 simili

245 557 553 618 argumento
590 558 741 598 erunt
782 548 833 598 K
859 548 893 598 k
920 579 990 587 —
1018 548 1063 597 L
1089 547 1123 609 l,
1166 547 1213 598 L
1238 546 1256 596 l
1281 577 1352 586 --
1378 544 1443 596 Μ
1468 563 1537 607 m,
1579 545 1671 595 &a
1696 553 1754 594 ut
1781 544 1833 594 K
1858 544 1894 593 k
1920 543 2072 612 quad.
2101 543 2149 594 L
2174 542 2193 592 l
2219 543 2371 612 quad.

246 639 340 689 Sto.
417 639 698 689 Linearum
724 639 881 709 igitur
910 639 958 690 A
991 639 1054 700 B,
1088 637 1139 688 Κ
1163 637 1216 699 k,
1247 636 1293 686 L
1320 636 1355 698 l,
1398 635 1461 685 M
1489 653 1538 685 m
1578 634 1827 704 quadrata
1864 643 1984 685 sunt
2009 642 2066 683 ut
2093 632 2374 684 earundem

246 725 577 787 differentiae3
606 736 656 777 et
680 726 873 777 idcirco
899 744 1015 776 cum
1042 723 1292 793 quadrata
1316 723 1643 773 velocitatum
1668 721 1858 773 suerint
1876 721 2029 772 etiam
2063 730 2122 771 ut
2146 720 2373 788 ipsarum

245 815 564 878 differentiae,
614 816 677 883 (g)
720 814 896 865 similis
938 815 1035 864 erit
1067 812 1240 863 amba-

245 923 361 956 rum
400 904 707 975 progressio.
786 902 849 972 (Ἀ)
879 903 1002 965 Quo
1028 903 1241 953 demon-
1348 887 1385 926 H

246 1005 421 1056 strato,
488 1012 805 1063 consequens
855 1003 929 1044 est
985 992 1137 1043 etiam
1186 1001 1242 1042 ut

247 1103 381 1136 areae
423 1084 503 1135 his
544 1084 692 1134 lineis
737 1083 1008 1151 descriptae
1053 1082 1153 1131 sint
1189 1081 1242 1130 in

246 1174 605 1245 progressione
631 1172 884 1223 consimili
915 1189 1033 1222 cum
1069 1170 1241 1238 spatiis

249 1283 365 1333 quae
430 1263 784 1315 velocitatibus
864 1261 1240 1313 describuntur.

252 1355 396 1424 Ergo
423 1354 464 1404 si
491 1353 739 1404 velocitas
764 1352 910 1402 initio
934 1351 1088 1419 primi
1115 1362 1243 1401 tem-

249 1442 390 1511 poris
429 1442 475 1492 A
507 1442 559 1492 K
601 1450 890 1508 exponatur
927 1457 1020 1507 per
1056 1439 1244 1489 lineam

250 1533 300 1583 A
331 1532 393 1586 B,
447 1542 498 1582 et
547 1530 788 1581 velocitas
838 1529 985 1581 initio
1035 1529 1245 1580 secundi

254 1621 305 1671 K
332 1622 381 1672 L
405 1639 499 1689 per
524 1620 708 1671 lineam
742 1620 793 1670 K
820 1621 871 1682 k,
901 1629 952 1670 et
975 1620 1246 1690 longitudo

247 1712 417 1778 primo
438 1722 669 1778 tempore
689 1710 946 1778 descripta
964 1728 1058 1779 per
1074 1729 1246 1762 aream

250 1802 301 1852 A
331 1801 383 1852 K
408 1802 444 1851 k
473 1802 547 1862 B,
587 1800 879 1851 velocitates
917 1818 1094 1851 omnes
1123 1802 1244 1852 sub-

250 1901 519 1960 sequentes
545 1898 871 1958 exponentur
894 1908 988 1957 per
1013 1890 1173 1941 lineas
1201 1892 1568 1964 subsequentes
1609 1894 1657 1945 L
1681 1893 1717 1956 l,
1747 1893 1812 1945 M
1837 1911 1906 1955 m,
1937 1893 2030 1944 Sco.
2070 1899 2121 1943 et
2155 1888 2382 1960 longitu-

249 1979 394 2031 dines
420 1979 693 2047 descriptae
717 1997 812 2047 per
838 1997 981 2030 areas
1011 1979 1063 2031 K
1088 1980 1123 2043 l,
1153 1981 1202 2033 L
1232 2001 1300 2044 m,
1330 1985 1423 2035 διο.
1501 1984 1571 2035 Et
1596 1982 1894 2051 composite,
1924 1983 1966 2033 si
1991 1993 2193 2049 tempus
2219 1989 2384 2031 totum

1394 1756 1432 1801 C
1730 1754 1896 1802 AKL
1919 1757 1982 1800 M
2045 1757 2092 1799 T
2300 1754 2347 1799 D

158 2065 168 2074 ’
248 2079 540 2137 exponatur
574 2088 668 2137 per
710 2086 962 2119 summam
998 2070 1222 2138 partium
1263 2089 1474 2123 suarum
1501 2073 1552 2124 A
1581 2072 1662 2134 M,
1702 2071 1972 2142 longitudo
1997 2081 2105 2122 tota
2130 2068 2387 2136 descripta

250 2167 539 2225 exponetur
564 2175 658 2224 per
685 2174 936 2206 summam
957 2158 1182 2224 partium
1209 2177 1417 2210 suarum
1456 2160 1506 2211 A
1535 2159 1599 2211 M
1625 2178 1677 2210 m
1704 2159 1768 2211 Β.
1845 2158 2076 2225 Concipe
2112 2158 2220 2225 jam
2257 2165 2387 2207 tem-

249 2264 345 2313 pus
373 2245 415 2295 A
451 2244 515 2295 M
541 2245 612 2294 ita
637 2244 795 2294 dividi
820 2243 875 2294 in
899 2254 1069 2311 partes
1096 2246 1145 2295 A
1175 2246 1244 2309 K,
1290 2248 1342 2298 K
1370 2247 1434 2309 L,
1477 2247 1524 2298 L
1554 2247 1635 2309 M,
1677 2248 1771 2299 &c.
1814 2257 1872 2298 ut
1909 2247 2010 2297 sint
2049 2246 2094 2297 C
2121 2246 2188 2307 A,
2224 2243 2277 2295 C
2314 2243 2384 2306 Κ,

254 2334 299 2384 C
327 2334 391 2394 L,
424 2333 469 2384 C
498 2332 578 2395 M,
625 2334 721 2385 &a
768 2332 823 2382 in
859 2333 1222 2403 progressione
1259 2335 1601 2404 geometricam
1642 2334 1695 2403 (i)
1723 2344 1774 2386 et
1800 2344 1951 2385 erunt
1985 2344 2157 2401 partes
2196 2318 2300 2385 illae
2334 2332 2388 2382 in

251 2424 434 2477 eadem
470 2424 848 2494 progressione,
895 2421 956 2490 (¹¹)
984 2432 1035 2499 et
1060 2423 1353 2476 velocitates
1395 2426 1442 2476 A
1473 2425 1536 2487 B,
1569 2424 1620 2474 K
1647 2425 1697 2486 k,
1728 2424 1776 2475 L
1799 2424 1833 2486 l,
1865 2423 1929 2474 M
1955 2442 2024 2485 m,
2067 2424 2161 2474 διο.
2189 2422 2243 2472 in
2267 2440 2387 2489 pro-

253 2514 518 2585 gressione
545 2512 727 2563 eadem
751 2511 970 2573 inversa,
1020 2512 1078 2580 (¹)
1106 2522 1259 2583 atque
1285 2513 1448 2581 spatia
1485 2512 1740 2580 descripta
1786 2512 1836 2564 A
1863 2512 1915 2573 k,
1959 2510 2010 2561 K
2035 2510 2070 2572 1,
2112 2510 2158 2560 L
2183 2528 2251 2572 m,
2292 2511 2386 2561 διε.

253 2602 485 2673 aequalia.
565 2602 631 2663 Q.
661 2620 704 2652 e.
733 2602 783 2652 d.

328 2694 490 2744 Corol.
522 2699 568 2742 1.
612 2692 762 2742 Patet
787 2708 912 2761 ergo
938 2691 1093 2760 quod,
1124 2692 1166 2742 si
1191 2702 1393 2760 tempus
1420 2701 1709 2761 exponatur
1745 2710 1839 2760 per
1876 2690 2150 2759 asymptoti
2186 2700 2387 2757 partem

254 2780 485 2849 quamvis
512 2780 562 2830 A
589 2779 662 2840 D,
691 2789 742 2829 et
766 2778 1005 2829 velocitas
1029 2780 1082 2830 in
1108 2780 1364 2848 principio
1390 2781 1635 2848 temporis
1659 2798 1755 2849 per
1780 2779 2053 2830 ordinatim
2079 2778 2386 2847 applicatam

257 2873 306 2921 A
337 2870 412 2931 B3
452 2867 691 2920 velocitas
717 2868 771 2917 in
796 2868 900 2918 fine
926 2869 1172 2936 temporis
1214 2880 1503 2937 exponetur
1539 2888 1632 2937 per
1669 2869 1957 2920 ordinatam
1995 2867 2050 2919 D
2079 2867 2148 2929 G,
2195 2878 2246 2918 et
2272 2887 2386 2935 spa-

257 2960 386 3010 tium
413 2967 589 3010 totum
614 2956 928 3024 descriptum
955 2975 1047 3024 per
1073 2977 1244 3008 aream
1284 2958 1671 3028 hyperbolicam
1708 2958 2022 3026 adjacentem
2069 2956 2119 3008 A
2148 2957 2194 3008 B
2223 2959 2275 3010 G
2302 2959 2356 3010 D
2371 2977 2385 3018 3

313 3140 369 3192 (Β)
391 3143 411 3164 ²*
435 3140 573 3179 Similis
592 3140 664 3179 erit
680 3140 878 3178 ambarum
894 3139 1101 3188 progressio
1113 3156 1126 3184 ,·
1155 3147 1194 3177 et
1211 3137 1299 3177 ideo
1350 3138 1468 3186 tricae,
1500 3146 1591 3177 sunt
1622 3139 1664 3177 in
1691 3138 1826 3177 eadem
1857 3137 2122 3188 progressione
2139 3137 2382 3189 geometrica.

258 3193 475 3231 velocitates
503 3192 667 3243 singulis
692 3199 910 3240 temporum
939 3191 1146 3241 aequalium
1178 3192 1215 3228 A
1241 3192 1296 3237 K,
1353 3192 1458 3230 Nam
1490 3205 1579 3229 cum
1609 3193 1658 3229 sit
1689 3193 1721 3230 C
1753 3193 1820 3229 A:
1848 3192 1881 3229 C
1912 3191 1953 3228 K
1972 3207 2028 3227 =
2053 3191 2085 3229 C
2114 3191 2185 3229 K:
2212 3191 2246 3229 C
2276 3191 2312 3228 L
2329 3206 2386 3227 =

262 3246 303 3283 K
326 3246 376 3291 L,
400 3246 435 3283 L
457 3245 517 3289 M,
537 3246 607 3283 &c.
628 3244 747 3282 initiis
764 3245 904 3293 exponi
918 3253 1079 3293 possunt
1096 3257 1164 3293 per
1178 3244 1298 3282 lineas
1354 3245 1387 3283 C
1409 3245 1445 3282 L
1466 3260 1474 3283 ε
1501 3244 1534 3283 C
1550 3242 1615 3292 M,
1632 3246 1718 3290 &c.,
1739 3244 1810 3282 erit
1827 3243 2036 3299 auferendo
2062 3242 2326 3280 antecedentia·
2342 3255 2389 3280 ex

263 3299 300 3336 A
326 3299 374 3343 B,
397 3298 439 3335 K
458 3298 499 3344 k,
521 3297 557 3336 L
575 3297 601 3342 l,
623 3298 692 3335 &c-
1354 3294 1665 3335 antecedentibus
1692 3304 1730 3334 et
1756 3295 2025 3346 consequentia
2052 3309 2098 3333 ex
2127 3296 2391 3346 consequenti-

315 3351 376 3402 (ὴ)
399 3353 420 3375 *²
448 3353 530 3394 Quo
548 3353 810 3396 demonstrato,
830 3363 1056 3400 consequens
1073 3357 1124 3388 est
1144 3357 1186 3388 ut
1205 3363 1302 3388 areae
1354 3351 1428 3388 bus
1449 3351 1481 3389 C
1504 3351 1542 3388 A
1559 3365 1568 3388 τ
1597 3351 1629 3389 C
1651 3349 1692 3388 K
1710 3365 1767 3385 =
1786 3350 1823 3387 A
1847 3350 1889 3388 K
1909 3364 1918 3387 ε
1947 3349 1987 3387 Κ
2009 3349 2045 3386 L
2063 3364 2119 3385 =
2139 3349 2178 3386 Κ
2197 3350 2254 3387 L:
2276 3348 2313 3386 L
2326 3349 2390 3395 M,

264 3401 702 3450 ABkK,Kle,
732 3403 1299 3452 leM‚&c.sintinpro-
1354 3403 1425 3441 διο.
2187 3444 2191 3447 ,

258 3458 443 3508 gres-sibae
475 3457 654 3494 consimili
679 3470 771 3496 cum
798 3458 923 3506 spatiis
944 3469 1030 3506 quae
1055 3457 1301 3494 velocitatibus
1410 3454 1469 3509 (¹²)
1492 3458 1512 3480 ⁴*
1535 3457 1589 3494 Et
1607 3457 1810 3494 velocitates
1828 3456 1867 3493 A
1886 3458 1936 3501 B,
1958 3457 2003 3493 K
2012 3457 2047 3501 k,
2071 3456 2105 3492 L
2124 3456 2150 3500 l,
2172 3455 2222 3491 M
2236 3468 2287 3497 m,
2304 3455 2392 3504 effic„

267 3512 305 3548 A
327 3510 375 3555 B,
413 3508 455 3547 K
473 3508 512 3554 k,
544 3508 580 3545 L
598 3508 626 3555 l,
655 3508 740 3554 &c.,
767 3507 1018 3558 temp‘usculis
1047 3509 1085 3546 A
1110 3508 1165 3555 K,
1189 3507 1231 3546 K
1250 3508 1299 3552 L,
1354 3510 1397 3547 in
1422 3510 1675 3558 progressione
1700 3507 1828 3546 effidem
1860 3506 2018 3546 inversa.
2081 3505 2278 3555 Siquidem
2307 3509 2392 3558 (per

266 3562 303 3601 L
326 3563 385 3607 M,
405 3562 493 3607 &c.,
511 3563 775 3600 describuntur
797 3562 901 3614 (14).
1358 3562 1394 3599 T
1397 3562 1499 3598 heor.
1525 3561 1600 3599 IV.
1624 3560 1673 3598 de
1693 3560 1823 3610 Hyp.)
1845 3568 1901 3598 est
1923 3560 1958 3597 A
1985 3560 2018 3597 Β
2038 3567 2083 3598 ut
2105 3559 2136 3598 C
2159 3560 2211 3605 A,
2231 3558 2390 3605 inverse,

318 3615 369 3664 (ί)
400 3619 463 3652 78.
497 3616 518 3638 ¹*
548 3615 602 3652 Et
630 3620 748 3652 erunt
776 3621 901 3663 partes
931 3615 1005 3652 illae
1039 3614 1076 3652 A
1100 3613 1155 3660 K,
1191 3612 1232 3650 K
1253 3613 1303 3660 L,
1362 3613 1404 3651 K
1422 3613 1449 3651 k
1469 3620 1514 3651 ut
1535 3613 1567 3652 C
1590 3613 1631 3650 K
1650 3612 1808 3650 inverse.

266 3668 304 3706 L
323 3668 381 3711 M,
413 3668 482 3704 &c.
503 3672 603 3716 {Juae
621 3675 713 3704 sunt
731 3662 958 3705 diffei‘entiae
976 3666 1166 3705 linearum
1195 3667 1229 3704 C
1252 3668 1304 3712 A,
1413 3666 1462 3716 (¹)
1498 3669 1519 3690 ¹²
1560 3668 1686 3716 Atque
1720 3668 1839 3715 spatia
1885 3666 2077 3713 descripta,
2128 3665 2161 3700 A
2203 3664 2237 3701 Β
2270 3664 2296 3701 k
2337 3664 2391 3707 K,

271 3722 303 3758 C
328 3721 381 3763 K,
406 3721 437 3758 C
464 3720 509 3765 L,
533 3719 567 3757 C
588 3719 651 3764 M,
685 3720 754 3757 ἃς.
791 3719 833 3756 in
864 3718 1301 3769 eadem‘progressione.
1362 3718 1403 3756 K
1425 3719 1451 3756 k
1480 3718 1560 3765 lL,
1597 3718 1665 3757 Ll
1693 3731 1734 3755 m
1755 3719 1814 3764 M,
1850 3719 1936 3764 δια,
1968 3716 2128 3768 aequalia
2159 3720 2268 3768 (380.
2302 3717 2388 3755 Lib.

254 3772 513 3812 ,Diffi-rontiae
540 3771 644 3809 enim
673 3771 841 3823 cujusvis
858 3772 1133 3822 progressionis
1151 3783 1304 3823 geome-
1346 3768 1419 3821 Ἰ.)
1861 3767 1873 3775 “
