2502 4192
235 276 334 321 188
774 267 1338 323 PHILOSOPHIAE
1380 268 1829 325 NATURALIS
1927 273 2373 339 [Momcom‘on.

229 408 391 477 partis
417 408 627 478 reliquae
654 426 770 479 quae
795 408 928 459 inter
951 426 1145 460 uncum
1172 418 1223 461 et
1246 409 1494 479 pyxidem
1517 410 1798 477 pendulam
1833 414 2156 466 tendebatur.
2235 414 2373 467 Nam

230 497 378 548 filum
414 505 617 548 tensum
658 496 723 565 (P)
752 496 968 555 dimidio
1005 497 1251 565 ponderis
1296 497 1375 548 sui
1408 497 1695 565 pendulum
1720 518 1751 549 a
1774 502 2144 569 perpendiculo
2177 503 2372 574 digres-

231 607 346 639 sum
384 605 587 656 semper
622 596 789 657 urget.
868 586 1014 638 Huic
1056 586 1277 655 ponderi
1316 587 1572 639 addebam
1609 588 1817 656 pondus
1856 590 1987 642 ae'ris
2028 610 2181 661 quern
2220 594 2371 662 pyxis

230 678 480 746 capiebat.
557 676 627 728 Et
650 675 856 744 pondus
883 685 1050 727 totum
1075 685 1184 727 erat
1210 676 1356 745 quasi
1380 694 1499 744 pars
1535 678 1913 748 septuagesima
1948 691 2126 731 octava
2160 682 2369 751 pyxidis

227 767 552 819 metallorum
580 766 766 835 plenae.
844 765 986 817 Tum
1011 767 1256 835 quoniam
1280 766 1432 836 pyxis
1455 768 1781 820 metallorum
1806 770 1975 837 plena,
2017 772 2247 839 pondere
2275 791 2369 823 suo

227 856 488 908 tendendo
526 855 690 918 filum,
738 855 960 925 augebat
998 855 1376 926 longitudinem
1418 856 1652 924 penduli,
1706 859 2075 910 contrahebam
2122 860 2268 911 filum
2310 872 2370 912 ut

225 943 439 1012 penduli
458 945 568 1013 jam
592 944 871 996 oscillantis
899 944 1080 996 eadem
1106 955 1238 996 esset
1262 944 1534 1016 longitudo
1559 963 1620 996 ae
1642 946 1803 1014 prius.
1878 948 2020 999 Dein
2044 948 2273 1016 pendulo
2300 950 2369 1001 ad

225 1035 407 1085 locum?
425 1034 594 1102 primo
619 1045 855 1086 notatum
880 1043 1104 1085 retracto
1130 1053 1190 1085 ac
1216 1034 1445 1097 dimisso,
1483 1035 1819 1086 numerabam
1853 1036 2198 1088 oscillationes
2221 1038 2367 1106 quasi

226 1123 552 1194 septuaginta
577 1134 628 1175 et
652 1135 866 1194 septem,
913 1125 1079 1176 donec
1115 1126 1268 1195 pyxis
1303 1126 1366 1177 ad
1406 1126 1579 1178 locum
1621 1127 1847 1178 secundo
1888 1137 2123 1179 notatum
2155 1130 2390 1193 rediret,'

224 1212 541 1283 totidemque
567 1213 786 1265 subinde
811 1214 978 1265 donec
1001 1214 1153 1283 pyxis
1191 1214 1258 1265 ad
1291 1214 1464 1265 locum
1498 1214 1650 1266 tertio
1685 1224 1921 1267 notatum
1953 1216 2162 1280 rediret,
2205 1227 2360 1287 atque

222 1318 400 1352 rursus
426 1301 643 1354 totidem
679 1301 845 1353 donec
869 1303 1021 1372 pyxis
1046 1302 1216 1354 reditu
1241 1321 1335 1354 suo
1360 1304 1634 1374 attingeret
1669 1303 1842 1354 locum
1873 1316 2129 1373 quartum.
2207 1306 2367 1358 Unde

223 1390 480 1441 concludo
524 1390 665 1459 quod
707 1391 997 1442 resistentia
1023 1401 1130 1442 tota
1154 1391 1361 1461 pyxidis
1385 1391 1554 1460 plenae
1578 1410 1685 1442 non
1710 1393 1960 1461 majorem
1984 1393 2210 1446 habebat
2242 1412 2368 1465 pro-

220 1480 514 1548 portionem
539 1480 606 1532 ad
630 1481 974 1532 resistentiam
998 1481 1204 1551 pyxidis
1231 1499 1406 1532 vacuae
1431 1479 1586 1550 quam
1613 1486 1678 1536 78
1708 1481 1773 1533 ad
1794 1486 1876 1537 77.
1952 1482 2091 1533 Nam
2116 1483 2160 1534 si
2186 1503 2361 1554 aequa-

220 1571 294 1622 les
323 1581 493 1622 essent
517 1571 787 1623 ambarum
811 1571 1132 1633 resistentiae,
1159 1570 1311 1640 pyxis
1335 1569 1490 1639 plena
1517 1571 1585 1622 ob
1610 1571 1713 1622 vim
1740 1590 1882 1622 suam
1919 1571 2123 1623 insitam
2161 1583 2367 1642 septua-

220 1661 329 1731 gies
356 1670 408 1711 et
432 1660 591 1712 octies
616 1662 866 1729 majorem
891 1661 942 1710 vi
967 1659 1118 1711 insita
1144 1659 1351 1729 pyxidis
1376 1678 1567 1723 vacuae,
1595 1669 1795 1711 motum
1821 1679 1971 1712 suum
1998 1660 2366 1713 oscillatorium

220 1760 365 1803 tanto
403 1751 595 1802 diutius
634 1769 940 1803 conservare
978 1751 1207 1813 deberet,
1259 1761 1414 1821 atque
1449 1750 1568 1803 ideo
1606 1752 1873 1820 completis
1919 1771 2123 1821 semper
2162 1753 2364 1805 oscilla-

219 1841 446 1892 tionibus
475 1847 540 1896 78
571 1841 635 1909 (q)
663 1840 731 1892 ad
755 1841 871 1893 loca
896 1841 985 1893 illa
1008 1852 1188 1893 notata
1214 1841 1400 1894 redire.
1478 1842 1656 1895 Rediit
1692 1852 1864 1911 autem
1901 1844 1968 1895 ad
2004 1844 2188 1896 eadem
2224 1863 2365 1897 com-

219 1933 369 2002 pletis
399 1933 805 1985 oscillationibus
834 1939 917 1990 77.

289 2022 548 2093 Designet
584 2023 742 2093 igitur
767 2023 818 2074 A
844 2024 1187 2075 resistentiam
1223 2023 1431 2094 pyxidis
1458 2023 1511 2074 in
1537 2024 1698 2092 ipsius
1734 2024 2007 2093 superficie
2041 2023 2271 2088 externa,
2313 2034 2364 2077 et

222 2111 268 2162 Β
294 2111 636 2163 resistentiam
660 2112 867 2182 pyxidis
895 2131 1069 2163 vacuae
1094 2113 1149 2163 in
1166 2113 1397 2181 partibus
1423 2112 1667 2174 internis;
1706 2124 1758 2164 et
1783 2114 1825 2164 si
1851 2113 2151 2164 resistentiae
2178 2131 2364 2181 corpo-

218 2219 335 2251 rum
360 2200 749 2270 aequivelocium
773 2202 828 2252 in
852 2202 1085 2270 partibus
1111 2202 1325 2253 internis
1351 2202 1452 2253 sint
1476 2212 1534 2253 ut
1558 2202 1789 2264 materia,
1819 2220 1910 2253 seu
1928 2220 2175 2253 numerus
2200 2203 2363 2271 parti-

219 2291 451 2343 cularum
489 2291 674 2360 quibus
708 2291 989 2343 resistitur:
1034 2291 1133 2343 erit
1162 2297 1225 2346 78
1260 2291 1306 2343 B
1334 2291 1620 2342 resistentia
1654 2291 1864 2361 pyxidis
1898 2291 2067 2359 plenae
2107 2292 2162 2342 in
2198 2292 2363 2359 ipsius

219 2380 450 2450 partibus
488 2379 729 2455 internis:
773 2380 995 2450 ideoque
1030 2379 1237 2450 pyxidis
1271 2397 1446 2430 vacuae
1472 2379 1757 2431 resistentia
1781 2389 1889 2431 tota
1913 2380 1965 2431 A
2000 2387 2052 2441 -Ι-
2089 2380 2136 2431 Β
2162 2379 2259 2431 erit
2295 2379 2364 2432 ad.

272 2507 330 2558 (Ρ)
353 2510 373 2532 ³*
394 2510 568 2547 Dimidio
593 2510 774 2559 ponderis
800 2510 871 2548 sui.
933 2507 1009 2546 Fili
1036 2507 1134 2545 tensi
1165 2507 1205 2545 A
1227 2506 1263 2545 B
1315 2486 1553 2555 'ad‘spatium
1581 2512 1690 2543 motu
1715 2504 1857 2554 pixidis
1874 2504 1999 2554 plenae
2017 2504 2253 2543 oscillatione
2280 2504 2362 2544 un&

218 2562 451 2612 homogenei
477 2570 516 2599 et
543 2562 701 2612 aequalis
727 2561 871 2612 ubique
889 2561 1068 2600 crassitiei
1087 2568 1265 2598 centrum

218 2614 414 2665 gravitatis
443 2623 499 2652 est
518 2616 557 2652 in
592 2616 678 2653 loco
710 2616 840 2653 medio
875 2617 920 2660 C,
962 2618 1045 2667 (59.
1080 2614 1170 2652 Lib.
1203 2613 1262 2663 1.)

217 2666 382 2717 ideoque
401 2668 457 2706 vis
475 2668 552 2718 qua
570 2669 681 2706 filum
701 2669 870 2718 pondere
885 2682 956 2707 suo
967 2675 1049 2707 toto
1067 2668 1113 2714 P,
1133 2667 1184 2705 ad
1201 2679 1264 2704 ro-

218 2721 383 2759 tandum
400 2720 501 2760 circa
523 2723 576 2769 A,
596 2730 771 2774 urgetur,
792 2730 849 2761 est
866 2730 913 2762 ut
933 2723 972 2761 A
996 2724 1028 2763 C
1051 2729 1094 2771 ><
1121 2721 1167 2768 P,
1197 2732 1266 2758 seu

335 2920 391 2959 Α
700 2861 737 2971 ὲ
1090 2922 1142 2961 Β

218 3061 263 3092 ut
281 3052 307 3107 ᾗ
325 3054 359 3092 Ρ
379 3059 419 3100 χ
440 3055 477 3091 A
495 3052 530 3091 B
553 3053 635 3106 (63.
656 3050 744 3090 Lib.
767 3049 825 3099 1.)
840 3049 923 3100 jam
937 3047 968 3085 si
989 3034 1266 3088 ifiveniendum

218 3111 267 3147 sit
285 3109 435 3157 pondus
464 3106 503 3153 Q
529 3108 572 3144 in
603 3108 638 3144 B
665 3103 874 3143 locandum
892 3110 938 3140 ut
954 3111 1196 3140 momentum
1226 3105 1268 3149 Q

223 3168 264 3209 Χ
292 3164 328 3200 Α
355 3164 389 3200 Β
420 3159 646 3211 aequivaleat
676 3164 875 3195 momento
902 3167 970 3194 seu
990 3155 1027 3192 vi
1047 3155 1101 3192 fili
1121 3156 1262 3204 totius;

219 3217 289 3253 erit
320 3217 421 3261 Q><
450 3215 487 3252 A
512 3212 671 3264 B=J2=
694 3212 792 3257 ΡΧ
821 3211 857 3248 A
882 3209 932 3254 B,
959 3208 1123 3258 ideoque
1149 3210 1263 3253 Q=

217 3269 244 3320 -ξ
276 3269 321 3306 Ρ.
386 3266 517 3312 Quare
554 3266 665 3304 filum
701 3273 856 3302 tensum
888 3262 1049 3299 dimidio
1085 3263 1264 3311 ponderis

219 3322 280 3359 sui
302 3322 338 3360 P
356 3320 573 3370 pendulum
592 3332 615 3356 a
633 3315 910 3367 perpendiculo
929 3314 1144 3366 digressum
1163 3328 1263 3354 sem-

219 3382 459 3481 pequirffei‘id
476 3428 555 3464 loca
574 3427 640 3463 illa
661 3431 791 3463 notata
809 3424 942 3461 redire.
988 3420 1030 3459 si
1045 3421 1265 3460 resistentiae

217 3482 257 3519 in
277 3480 441 3532 singulis
460 3477 761 3517 oscillationibus
779 3484 904 3513 essent
931 3475 1107 3525 aequales‚
1137 3484 1266 3514 motus

217 3535 358 3578 amissi,
387 3541 433 3572 ut
451 3530 541 3581 pote
559 3530 781 3567 resistentiis
800 3529 1112 3578 proportionales,
1141 3536 1266 3567 essent

216 3601 373 3639 quoque
387 3585 576 3637 aequales;
598 3583 665 3620 sed
682 3591 812 3620 motus
826 3582 967 3627 amissi,
988 3581 1142 3630 paribus
1155 3582 1265 3619 oscil-

217 3641 407 3680 lationum
424 3637 672 3687 temporibus,
693 3642 784 3672 sunt
802 3642 847 3672 ut
864 3647 999 3673 massae
1014 3648 1081 3672 seu
1097 3634 1266 3683 pondera

218 3706 426 3742 corporum
447 3700 485 3730 et
502 3689 623 3740 spatia
650 3688 819 3726 motibus
845 3688 992 3726 amissis
1020 3687 1267 3725 describenda

217 3747 457 3798 conjux-etim
471 3760 482 3792 ;
502 3741 668 3794 ideoque
683 3743 804 3790 spatia
816 3740 885 3778 illa
899 3749 1024 3779 essent
1037 3748 1082 3778 ut
1095 3740 1266 3790 pondera

217 3799 390 3848 inverse3
423 3801 499 3837 hoc
528 3804 597 3843 est,
632 3795 798 3844 spatium
830 3801 938 3830 motu
967 3793 1107 3843 pixidis
1134 3806 1265 3832 vacuae

216 3853 357 3891 amisso
381 3852 424 3890 in
454 3848 537 3891 una
562 3848 801 3889 oscillatione
832 3846 1139 3894 describendum,
1168 3853 1266 3885 esset

1318 2561 1458 2597 amisso
1486 2559 1788 2607 percurrendum
1815 2566 1861 2597 ut
1881 2563 1930 2598 78
1949 2558 1998 2596 ad
2029 2563 2063 2605 l,
2094 2567 2133 2596 et
2163 2558 2363 2608 propterea

1318 2605 1439 2661 sspatia
1452 2612 1529 2658 illa,
1559 2611 1749 2661 completa
1766 2609 1883 2649 unica
1900 2612 2040 2660 pixidis
2058 2624 2189 2649 vacuae
2208 2612 2356 2649 oscilla-

1317 2666 1434 2711 tione,
1464 2674 1502 2703 et
1519 2665 1660 2714 pixidis
1677 2665 1802 2714 plenae
1820 2664 2121 2703 escillationibus
2141 2669 2189 2704 78
2208 2665 2362 2703 absolu-

1318 2720 1379 2765 tis,
1416 2719 1544 2756 forent
1579 2718 1741 2768 aequalia
1775 2717 2078 2768 quamproxime,
2121 2717 2237 2767 atque
2271 2716 2361 2756 ideo

1318 2772 1417 2821 pixis
1436 2772 1562 2821 plena,
1583 2771 1781 2820 completis
1798 2783 1947 2820 semper
1965 2770 2267 2809 osculationibus
2294 2774 2360 2818 78,

1318 2827 1367 2864 ad
1386 2825 1470 2863 loca
1488 2832 1618 2863 notata
1635 2825 1785 2862 rediret.

1376 2878 1479 2918 cum
1505 2879 1547 2915 in
1573 2877 1644 2915 hac
1674 2878 1849 2916 Sectione
1868 2877 1945 2916 VI.
1972 2878 2186 2915 Newtonus
2212 2876 2261 2914 de
2278 2876 2360 2914 solo

1322 2944 1526 2981 corporum
1554 2932 1596 2968 in
1623 2931 1793 2981 cycloide
1811 2930 2070 2969 osculantium
2097 2939 2207 2968 motu
2226 2930 2360 2981 egerit,

1319 2985 1445 3023 multa
1479 2983 1569 3023 vero
1596 2997 1620 3022 a
1645 2984 1919 3022 recentioribus
1950 2982 2173 3021 authoribus
2207 2984 2362 3020 inventa

1319 3038 1407 3085 sint,
1436 3037 1576 3088 quibus
1602 3038 1790 3087 generalis
1807 3045 1986 3075 motuum
2000 3036 2042 3074 in
2060 3036 2186 3074 curvis
2203 3036 2360 3086 quibus-

1318 3091 1411 3129 libet
1429 3091 1575 3129 theoria
1600 3091 1716 3141 longe
1734 3099 1908 3139 promota
1926 3098 1994 3136 est,
2015 3089 2202 3138 principia
2220 3089 2360 3139 quibus

1318 3144 1378 3182 usi
1390 3151 1481 3182 sunt
1491 3144 1663 3195 sequenti
1674 3143 1916 3183 Problemate
1928 3144 2090 3181 breviter
2104 3154 2355 3191 exponemus.

1619 3315 2058 3355 PROBLEMATA.

1323 3426 1410 3461 188.
1458 3422 1660 3461 Tendente
1698 3422 1734 3459 vi
1769 3422 1964 3472 gravitatis
1998 3421 2182 3459 uniformi
2217 3421 2359 3470 ubique

1371 3475 1735 3525 perpendiculariter
1753 3475 1803 3513 ad
1822 3475 1981 3524 planum
2006 3474 2223 3516 horizontis,
2261 3474 2358 3511 defi-

1370 3529 1455 3567 nire
1482 3536 1632 3566 motum
1665 3528 1831 3576 corporis
1860 3540 1927 3577 per
1963 3540 2119 3565 curvam
2150 3527 2360 3576 quamlibet

1371 3581 1609 3620 ascendentis
1635 3581 1695 3618 vel
1722 3580 1986 3619 descendentis
2004 3581 2043 3616 in
2062 3579 2189 3617 medio
2209 3580 2357 3616 unifor-

1371 3635 1426 3672 mi
1451 3635 1563 3686 cujus
1588 3634 1800 3673 resistentia
1825 3641 1883 3672 est
1908 3641 1953 3672 ut
1977 3632 2184 3671 velocitatis
2210 3633 2360 3671 functIo

1372 3686 1563 3738 quaelibet.

1375 3793 1440 3831 De
1467 3804 1670 3841 corporum
1702 3805 1860 3831 ascensu
1891 3804 1935 3830 ac
1964 3792 2147 3829 descensu
2176 3790 2216 3828 in
2248 3788 2359 3828 lineis

1317 3846 1429 3884 rectis
1446 3845 1497 3885 ad
1515 3845 1752 3885 horizontem
1771 3844 2139 3897 'quomodocumque
2165 3843 2359 3882 inclinatis
