2502 4192
145 280 330 333 mez
358 277 631 339 smmum]
686 271 1090 325 PRINCIPIA
1128 270 1747 325 MATHEMATICA.
2183 283 2284 328 135,

136 423 357 495 gulares,
386 420 580 489 amplas
614 419 692 470 vel
732 418 1131 488 angustissimas.
1212 416 1375 469 Hisce
1411 416 1805 467 circumstantiis
1849 417 2171 485 pressionem
2207 419 2282 470 nil

134 512 322 565 mutari
348 510 619 580 colligitur,
643 508 951 576 applicando
979 506 1468 558 demonstrationem
1492 506 1854 558 Theorematis
1873 506 2025 575 hujus
2046 506 2111 557 ad
2133 525 2278 560 casus

135 604 364 675 singulos
388 601 683 652 fluidorum.

207 695 368 746 Corol.
399 700 446 744 3.
525 689 725 742 Eadem
761 687 1196 740 demonstratione
1234 687 1504 759 colligetur
1543 688 1696 739 etiam
1736 691 1851 756 (per
1892 688 2052 756 Prop.
2085 689 2274 755 XIX.)

131 783 270 855 quod
311 782 458 833 fluidi
501 782 671 852 gravis
720 788 892 849 partes
935 778 1154 840 nullum,
1208 794 1276 830 ex
1314 779 1579 847 pressione
1621 779 1866 847 ponderis
1910 780 2273 844 incumbentiS,

129 875 400 946 acquirunt
425 885 624 927 motum
643 875 778 926 inter
803 890 856 924 se
870 891 883 934 3
912 871 955 923 si
980 870 1138 922 modo
1164 869 1471 922 excludatur
1486 879 1657 921 motus
1679 870 1768 940 qui
1783 887 1851 922 ex
1870 870 2275 922 condensatione

129 967 338 1018 oriatur.

202 1057 364 1107 Corol.
393 1062 441 1106 4.
519 1053 589 1105 Et
624 1060 901 1120 propterea
938 1049 982 1101 si
1018 1048 1161 1100 aliud
1201 1048 1431 1118 ejusdem
1473 1049 1736 1119 gravitatis
1763 1049 2022 1130 specificae
2067 1069 2272 1120 coerS,

126 1147 265 1216 quod
291 1145 355 1195 sit
375 1140 788 1195 condensationis
809 1157 1013 1208 expers,
1043 1138 1405 1208 submergatur
1431 1137 1485 1187 in
1510 1137 1611 1188 hoc
1634 1137 1813 1201 fluido,
1837 1138 1892 1189 id
1919 1157 1984 1190 ex
2008 1140 2275 1207 pressione

123 1233 367 1303 ponderis
391 1230 732 1283 incumbentis
758 1227 958 1279 nullum
984 1227 1214 1296 acquiret
1231 1237 1461 1277 motum:
1502 1245 1609 1277 non
1635 1226 1931 1291 descendet,
1960 1246 2068 1279 non
2093 1248 2274 1281 ascen-

124 1323 226 1386 det,
272 1340 380 1372 non
423 1330 635 1390 cogetur
678 1319 899 1388 figuram
943 1337 1089 1370 suam
1139 1329 1347 1370 mutare.
1431 1319 1487 1370 Si
1537 1318 1849 1387 sphaericum
1901 1330 1991 1383 est,
2044 1322 2275 1373 manebit

124 1411 449 1481 sphaericum,
477 1416 584 1461 non
608 1408 845 1459 obstante
864 1408 1155 1476 pressione3
1185 1408 1227 1459 si
1243 1407 1553 1478 quadratum
1570 1419 1661 1470 est,
1690 1409 1920 1459 manebit
1937 1410 2271 1479 quadratum:
2297 1457 2300 1459 ,

123 1501 280 1571 idque
306 1501 412 1551 sive
430 1497 585 1550 molle
612 1497 694 1558 sit,
723 1496 827 1547 sive
852 1496 1245 1558 fluidissimum3
1285 1497 1389 1547 sive
1413 1496 1576 1547 fluido
1602 1496 1765 1548 libere
1791 1498 2004 1560 innatet,
2035 1500 2139 1551 sive
2155 1500 2273 1551 fun-

124 1590 192 1642 do
216 1588 495 1640 incumbat.
573 1584 755 1638 Habet
781 1585 919 1635 enim
943 1584 1090 1635 fluidi
1114 1603 1234 1653 pars
1262 1584 1506 1655 quaelibet
1530 1585 1734 1636 interna
1759 1586 2013 1636 rationem
2040 1590 2273 1656 corporis

124 1681 392 1744 submersi,
422 1690 473 1732 et
496 1698 592 1748 par
618 1688 695 1730 est
719 1677 851 1728 ratio
877 1676 1109 1727 omnium
1136 1676 1367 1746 ejusdem
1393 1675 1782 1747 magnitudinis,
1813 1676 1997 1746 figurae
2028 1687 2078 1728 et
2102 1680 2273 1748 gravi-

39 1771 82 1840 '7'
121 1773 239 1825 tatis
280 1771 531 1841 specificae
582 1769 970 1822 submersorum
1021 1786 1313 1836 corporum.
1394 1769 1449 1820 Si
1476 1786 1661 1835 corpus
1704 1767 2031 1818 submersum
2073 1780 2273 1821 servato

120 1861 352 1932 pondere
389 1861 695 1931 liquesceret
720 1867 772 1909 et
796 1857 1035 1909 indueret
1070 1857 1291 1908 formam
1328 1857 1504 1919 fluid13
1543 1856 1659 1920 hoc,
1702 1857 1745 1908 si
1768 1858 1912 1925 prius
1952 1859 2269 1924 ascenderet,

108 1955 203 2008 «vel
238 1952 588 2014 descenderet,
636 1950 809 2002 velex
833 1948 1099 2017 pressione
1143 1948 1366 2018 figuram
1409 1966 1598 1999 novam
1636 1947 1891 2010 indueret,
1940 1948 2094 1999 etiam
2132 1968 2272 2001 nunc

121 2045 433 2107 ascenderet,
476 2042 557 2094 vel
579 2039 953 2102 descenderet,
1000 2038 1081 2090 vel
1119 2038 1341 2109 figuram
1378 2057 1567 2090 novam
1607 2038 1823 2089 induere
1868 2050 2169 2110 cogeretur:
2216 2042 2272 2093 id

120 2133 250 2187 adeo
291 2133 411 2204 quia
447 2131 670 2203 gravitas
709 2131 818 2199 ejus
856 2137 1163 2197 caeteraeque
1203 2137 1441 2179 motuum
1486 2146 1654 2179 causae
1703 2140 2026 2196 permanent.
2108 2132 2271 2202 Atqui

122 2231 237 2295 (per
268 2224 386 2276 CaS.
415 2230 463 2276 5.
494 2223 652 2289 Prop.
683 2219 871 2284 XIX.)
906 2216 1015 2288 jam
1042 2218 1332 2289 quiesceret
1358 2229 1409 2271 et
1433 2218 1657 2290 figuram
1693 2221 1954 2273 retineret.
2034 2222 2180 2295 Ergo
2211 2237 2270 2280 ut

118 2333 278 2385 priuS.
1294 2339 1318 2360 .

119 2476 394 2517 monstratione
416 2472 693 2523 Propositionis
720 2471 849 2521 hujus,
879 2470 1071 2519 premitur
1098 2482 1166 2507 su-

119 2531 292 2581 perficies
311 2540 489 2577 suprema
510 2527 546 2565 E
566 2539 588 2563 e
607 2525 644 2564 vi
662 2524 824 2573 simplici
854 2523 1048 2574 gravitatis
1073 2535 1163 2571 pro-

119 2584 225 2633 priae,
246 2582 324 2634 qua
341 2590 380 2620 et
398 2579 617 2629 superficies
635 2577 803 2616 secunda
824 2577 857 2615 F
875 2576 897 2613 f
918 2589 987 2625 pro
1005 2589 1162 2614 mensu-

117 2649 161 2675 ra
179 2650 248 2675 sua
277 2634 472 2686 aequaliter
502 2632 700 2681 premitur.
761 2630 955 2668 Premitur
982 2637 1163 2678 praeterea

119 2689 337 2739 superficies
350 2686 518 2727 secunda
540 2685 573 2724 F
592 2685 614 2722 f
627 2684 663 2721 vi
680 2682 833 2733 propria
852 2682 1059 2734 gravitatis,
1074 2695 1162 2733 quae

119 2742 296 2781 addenda
313 2748 370 2780 est
388 2741 424 2777 vi
443 2738 572 2789 priori.
635 2737 727 2776 Hac
744 2736 948 2785 pressione,
970 2748 1039 2784 pro
1052 2748 1162 2772 men-

118 2795 206 2834 sura
224 2795 306 2839 sua,
327 2801 366 2833 et
382 2794 539 2841 insuper
552 2791 588 2829 vi
600 2791 762 2840 propriae
774 2789 981 2840 gravitatis,
1000 2795 1163 2838 urgetur

118 2849 337 2899 superficies
364 2847 473 2886 tertia
504 2846 541 2883 G
560 2858 611 2896 g;
641 2850 679 2880 et
696 2844 751 2880 sic
778 2842 966 2890 deinceps.
1030 2841 1162 2886 Quare

119 2910 235 2950 patet,
255 2908 301 2939 ut
318 2913 445 2949 supra,
467 2897 700 2948 pressionem
720 2908 837 2946 quarn
856 2894 1074 2943 superficies
1100 2894 1162 2931 in-

120 2955 214 2994 fima
236 2954 278 2992 H
299 2953 325 2991 d
344 2953 457 2998 subit,
490 2950 677 3002 aequalem
705 2962 786 2986 esse
814 2948 971 2997 ponderi
1000 2947 1162 2997 cylindri

118 3008 229 3059 cujus
248 3014 304 3045 est
321 3005 485 3045 altitudo
507 3005 547 3042 D
570 3005 603 3041 A
624 3009 663 3041 et
679 3001 777 3040 basis
795 3001 920 3039 fundo
938 3000 982 3038 H
998 3001 1021 3038 d
1034 3014 1161 3051 aequa·

119 3059 179 3099 lis.

172 3114 361 3152 Manente
379 3110 498 3163 igitur
516 3117 602 3147 tum
628 3107 711 3146 basi
733 3108 775 3146 H
797 3107 834 3153 d,
863 3116 948 3145 tum
968 3106 1076 3144 fluidi
1104 3106 1160 3144 al-

119 3166 284 3204 titudine
313 3161 620 3215 perpendiculari
658 3162 699 3199 D
734 3162 785 3207 A,
822 3167 952 3198 manet
982 3159 1092 3197 fluidi
1119 3160 1161 3198 in

118 3219 240 3257 basim
271 3219 426 3268 pressio,
460 3224 673 3264 utcumque
691 3221 862 3252 mutetur
879 3214 977 3251 vasis
995 3212 1160 3250 fluidum

120 3272 351 3310 continentis
368 3270 505 3319 figura.
556 3269 687 3317 Atque
705 3267 795 3304 hinc
814 3267 854 3303 in
873 3266 973 3303 vasis
986 3278 1161 3306 commu-

118 3324 337 3363 nicantibus
356 3320 612 3371 aequilibrium
632 3328 702 3366 est,
735 3319 803 3358 ubi
830 3318 1161 3368 perpendiculares

119 3377 229 3416 fluidi
265 3375 488 3415 altitudines
523 3385 640 3421 supra
675 3372 846 3410 fundum
882 3384 1088 3409 commune
1119 3373 1160 3409 in

117 3438 283 3481 utroque
303 3442 390 3467 vase
418 3433 631 3477 aequantur,
660 3425 873 3462 dummodo
891 3426 931 3462 in
957 3425 1111 3474 paribus
1138 3439 1161 3461 a

118 3491 250 3524 centro
280 3482 421 3520 virium
450 3479 644 3530 gravitatis
677 3479 702 3515 S
729 3478 917 3516 distantiis
943 3485 1021 3515 tam
1049 3477 1159 3514 fluidi

118 3537 285 3576 densitas
295 3534 411 3586 quam
424 3534 479 3570 vis
491 3530 683 3583 gravitatis
695 3541 862 3569 servetur
873 3530 1018 3568 eadem.
1055 3533 1158 3568 Nam

117 3591 161 3634 si,
183 3596 363 3627 manente
380 3587 417 3625 vi
437 3583 631 3638 gravitatis
658 3584 932 3630 acceleratriee,
961 3584 1160 3622 conferan-

119 3650 185 3681 tur
204 3641 323 3680 fluida
340 3641 383 3695 in
400 3653 440 3677 se
458 3640 710 3688 homogenea,
744 3637 810 3674 sed
830 3636 986 3673 diversae
1005 3638 1105 3677 inter
1122 3650 1162 3675 se
1217 3638 1552 3688 perpendiculares
1571 3645 1684 3680 erunt
1701 3638 1740 3678 in
1755 3638 1901 3677 ratione
1913 3639 2145 3677 densitatum
2165 3641 2261 3676 reci-

118 3694 327 3741 densitatis,
358 3693 430 3731 erit
447 3692 489 3730 in
506 3692 605 3730 vasis
624 3689 1000 3727 communicantibus
1018 3690 1166 3741 aequili-
1219 3692 1345 3740 proca,
1379 3692 1467 3741 quia
1488 3692 1529 3729 in
1548 3704 1594 3729 eo
1612 3705 1702 3730 casu
1729 3692 1935 3730 fluidorum
1956 3694 1996 3731 in
2014 3692 2136 3729 basim
2154 3703 2259 3731 com-

121 3749 264 3796 brium,
281 3746 349 3788 ubi
371 3745 582 3784 fluidorum
601 3744 643 3780 in
660 3750 825 3793 utroque
843 3755 929 3780 vase.
947 3742 1169 3781 altitudines
1220 3757 1381 3782 munem
1400 3745 1612 3793 pressiones
1630 3746 1795 3796 aequales
1813 3754 1903 3783 sunt
1924 3732 2053 3797 (17'3).

1165 3814 1228 3853 18
