2502 4192
267 290 370 337 196
803 283 1370 340 PHILOSOPHIAE
1411 281 1861 337 NATURALIS
1949 283 2137 348 [Mor.
2164 281 2414 336 CORPOR.

263 422 468 476 duobus
495 425 546 477 A
572 435 624 477 et
651 426 714 488 B,
743 434 794 477 et
818 425 980 476 altera
1004 425 1110 476 duo
1138 425 1182 476 F
1208 434 1259 475 et
1287 424 1340 476 G
1365 424 1418 474 in
1444 423 1596 474 tertio
1625 423 1671 487 C
1686 442 1699 485 ;
1727 423 1892 492 sitque
1917 424 2159 476 velocitas
2181 424 2411 493 corporis

264 513 321 565 D
347 514 413 565 ad
438 513 760 566 velocitatem
797 513 1028 581 corporis
1058 513 1121 576 E,
1161 522 1213 564 et
1249 512 1491 563 velocitas
1526 511 1757 579 corporis
1785 508 1830 562 F
1855 510 1922 562 ad
1946 511 2268 564 velocitatem
2296 531 2408 564 cor-

259 605 400 673 poris
423 605 477 657 G
501 605 555 656 in
582 603 937 672 subduplicata
964 603 1162 655 ratione
1188 603 1371 653 virium
1400 602 1452 654 T
1479 601 1545 653 ad
1572 601 1705 653 vires
1733 602 1811 653 V:
1851 603 2138 656 resistentia
2175 603 2405 672 corporis

258 695 316 747 D
341 695 439 747 erit
464 695 527 747 ad
555 693 897 746 resistentiam
922 692 1154 761 corporis
1183 692 1245 754 E,
1276 702 1327 743 et
1352 691 1641 743 resistentia
1661 690 1891 758 corporis
1914 690 1958 741 F
1973 690 2038 742 ad
2064 692 2405 744 resistentiam

256 785 488 854 corporis
517 784 588 847 G,
628 782 684 850 (¹⁷)
712 783 766 834 in
803 782 1134 835 velocitatum
1171 781 1369 832 ratione
1396 778 1686 848 duplicata;
1725 789 1777 831 et
1801 788 2078 848 propterea
2114 780 2402 831 resistentia

255 874 485 942 corporis
524 873 579 926 D
618 872 715 924 erit
751 871 819 923 ad
855 871 1198 923 resistentiam
1241 869 1471 938 corporis
1500 865 1544 920 F
1569 878 1627 920 ut
1651 867 1940 920 resistentia
1979 869 2207 936 corporis
2248 869 2295 919 E
2333 868 2400 920 ad

254 961 595 1014 resistentiam
622 960 852 1029 corporis
882 960 951 1013 G.
1012 960 1180 1013 Sunto
1206 977 1425 1027 corpora
1445 958 1499 1010 D
1518 967 1569 1009 et
1596 958 1640 1009 F
1665 955 1998 1026 aequivelocia
2021 966 2080 1007 ut
2104 965 2155 1007 et
2180 973 2399 1026 corpora

255 1055 302 1106 E
328 1064 380 1106 et
407 1055 488 1116 G3
534 1063 586 1106 et
610 1054 849 1126 augendo
886 1053 1180 1107 velocitates
1220 1071 1498 1122 corporum
1524 1053 1579 1104 D
1607 1062 1658 1103 et
1686 1052 1730 1103 F
1755 1052 1808 1102 in
1835 1053 2034 1103 ratione
2071 1049 2393 1121 quacunque,

250 1163 311 1197 ac
348 1145 685 1196 diminuendo
722 1145 855 1196 vires
891 1145 1260 1213 particular-um
1298 1144 1454 1195 medii
1493 1144 1540 1196 B
1574 1143 1628 1195 in
1666 1142 1848 1195 eadem
1885 1143 2082 1194 ratione
2117 1138 2393 1210 duplicata,

249 1235 314 1304 (g)
342 1232 552 1285 accedet
576 1233 805 1285 medium
833 1233 879 1285 B
905 1234 971 1285 ad
996 1232 1215 1286 formam
1242 1244 1294 1286 et
1319 1233 1669 1285 conditionem
1705 1233 1863 1284 medii
1903 1233 1948 1285 C
1984 1251 2082 1301 pro
2117 1232 2301 1295 lubitu,
2342 1241 2394 1283 et

246 1323 442 1376 idcirco
486 1324 790 1376 resistentiae
827 1342 1106 1392 corporum
1147 1324 1424 1393 aequalium
1462 1332 1514 1375 et
1550 1321 1942 1392 aequivelocium
1979 1321 2026 1372 E
2052 1329 2104 1372 et
2132 1320 2186 1372 G
2221 1320 2275 1371 in
2313 1320 2393 1372 his

244 1414 445 1478 mediis,
471 1412 724 1482 perpetuo
750 1413 996 1465 accedent
1020 1414 1088 1465 ad
1113 1413 1475 1483 aequalitatem,
1504 1412 1576 1464 ita
1601 1421 1660 1464 ut
1683 1429 1862 1464 earum
1887 1408 2176 1461 differentia
2209 1409 2394 1461 evadat

243 1502 453 1555 tandem
477 1503 648 1554 minor
674 1521 829 1572 quam
855 1503 974 1554 data
1000 1503 1207 1573 quaevis.
1288 1503 1515 1555 Proinde
1541 1500 1660 1554 cum
1686 1501 1991 1554 resistentiae
2029 1518 2308 1568 corporum
2334 1500 2390 1552 D

242 1603 294 1645 et
321 1594 365 1645 F
391 1594 491 1645 sint
516 1594 582 1645 ad
608 1593 829 1644 invicem
852 1603 910 1644 ut
934 1593 1238 1645 resistentiae
1263 1610 1542 1660 corporum
1571 1591 1618 1642 E
1644 1600 1695 1642 et
1722 1590 1791 1652 G,
1832 1588 2079 1640 accedent
2115 1588 2269 1640 etiam
2306 1587 2390 1639 hae

241 1683 475 1734 similiter
500 1683 567 1734 ad
593 1683 846 1734 rationem
872 1682 1195 1752 aequalitatis.
1277 1682 1577 1750 Corporum
1614 1681 1772 1751 igitur
1799 1680 1853 1732 D
1881 1688 1932 1731 et
1958 1679 2017 1742 F,
2059 1678 2147 1730 ubi
2175 1678 2389 1730 velocis-

239 1770 367 1823 sime
392 1781 680 1833 moventur,
708 1770 1012 1822 resistentiae
1038 1779 1156 1821 sunt
1174 1770 1398 1840 aequales
1419 1788 1574 1840 quam
1589 1766 1826 1838 proxime
1846 1787 1859 1820 ε
1898 1776 1948 1819 et
1971 1776 2248 1836 propterea
2267 1766 2383 1820 cum

238 1859 529 1911 resistentia
566 1860 798 1927 corporis
839 1860 883 1910 F
914 1860 979 1911 sit
1011 1859 1065 1910 in
1103 1859 1363 1928 duplicata
1402 1859 1601 1911 ratione
1626 1857 1925 1920 velocitatis,
1965 1856 2063 1909 erit
2098 1857 2387 1912 resistentia

236 1950 467 2018 corporis
492 1950 548 2002 D
574 1950 628 2001 in
654 1949 836 2002 eadem
861 1950 1061 2003 ratione
1086 1949 1241 2019 quam
1264 1949 1516 2019 proxime.

308 2037 372 2107 (¹¹)
404 2040 582 2092 Corol.
598 2047 647 2091 3.
725 2039 972 2108 Corporis
997 2039 1051 2089 in
1076 2039 1238 2090 fluido
1265 2039 1445 2109 quovis
1472 2038 1683 2090 elastico
1707 2035 2024 2090 velocissime
2048 2037 2177 2089 moti
2202 2036 2384 2089 eadem

232 2125 338 2178 fere
364 2137 440 2179 est
464 2127 752 2179 resistentia
776 2146 836 2179 ac
862 2127 902 2178 si
926 2138 1098 2196 partes
1114 2128 1260 2179 fluidi
1285 2128 1480 2179 viribus
1506 2128 1609 2179 suis
1637 2128 1935 2199 centrifugis
1962 2127 2380 2190 destituerentur,

233 2235 391 2287 seque
426 2228 609 2269 mutuo
642 2217 1047 2289 non'fugerent:
1091 2220 1133 2270 si
1169 2219 1327 2271 modo
1362 2219 1510 2272 fluidi
1548 2220 1622 2272 vis
1660 2220 1868 2272 elastica
1905 2238 1971 2271 ex
2009 2218 2382 2288 particularum

231 2306 424 2358 viribus
451 2306 749 2379 centrifugis
773 2308 985 2372 oriatur,
1014 2317 1066 2362 et
1092 2309 1333 2361 velocitas
1359 2308 1491 2361 adeo
1517 2328 1708 2380 magna
1727 2310 1792 2362 sit
1808 2319 1865 2362 ut
1881 2309 2013 2362 vires
2030 2328 2140 2361 non
2156 2308 2382 2361 habeant

231 2395 351 2447 satis
378 2395 622 2464 temporis
649 2396 716 2448 ad
742 2397 1017 2468 agendum.
2254 2460 2272 2486 ὅ

305 2487 466 2537 Corol.
495 2494 544 2537 4.
606 2487 833 2540 Proinde
852 2487 971 2539 cum
990 2488 1294 2541 resistentiae
1320 2488 1563 2541 similium
1589 2478 1639 2541 et
1664 2489 2053 2560 aequivelocium
2080 2505 2375 2558 corporum,

227 2574 281 2625 in
323 2574 496 2626 medio
533 2576 677 2644 cujus
715 2587 887 2645 partes
925 2577 1174 2630 distantes
1212 2596 1267 2629 se
1304 2587 1486 2629 mutuo
1522 2596 1629 2629 non
1666 2577 1889 2649 fugiunt,
1938 2576 1992 2647 (¹)
2021 2577 2123 2629 sint
2158 2586 2217 2628 ut
2252 2596 2376 2647 qua·

227 2663 374 2715 drata
428 2664 799 2718 diametrorum
814 2687 828 2728 ;
883 2677 1002 2719 sunt
1045 2668 1199 2720 etiam
1250 2668 1642 2738 aequivelocium
1692 2678 1744 2720 et
1793 2666 2058 2720 celerrime
2114 2675 2374 2718 motorum

226 2774 505 2824 corporum
541 2757 845 2810 resistentiae
883 2758 936 2810 in
973 2759 1133 2811 fluido
1172 2758 1381 2812 elastico
1418 2768 1478 2811 ut
1513 2758 1764 2828 quadrata
1807 2757 2178 2809 diametrorum
2217 2753 2374 2826 quam

223 2844 476 2913 proxime.

299 2936 459 2986 Corol.
488 2942 537 2987 5.
615 2935 686 2987 Et
723 2932 840 2987 cum
880 2955 1100 3006 corpora
1137 2938 1337 3001 similia,
1380 2938 1599 3008 aequalia
1636 2946 1686 2989 et
1722 2935 2069 3007 aequivelocia,
2109 2936 2164 2986 in
2188 2934 2368 2986 mediis

223 3021 452 3092 ejusdem
477 3023 759 3088 densitatiS,
788 3044 1010 3094 quorum
1028 3027 1296 3094 particulae
1323 3045 1377 3078 se
1403 3037 1585 3079 mutuo
1603 3044 1711 3077 non
1729 3026 1950 3097 fugiunt,
1979 3026 2084 3078 sive
2099 3024 2367 3094 particulae

221 3113 324 3164 illae
350 3114 452 3166 sint
475 3115 649 3183 plures
676 3125 728 3167 et
752 3116 996 3179 minores,
1025 3117 1129 3168 sive
1154 3117 1425 3185 pauciores
1452 3129 1504 3168 et
1527 3118 1764 3186 majores,
1793 3117 1847 3167 in
1868 3116 2119 3185 aequalem
2137 3115 2366 3166 materiae

221 3206 557 3275 quantitate-m
608 3209 928 3277 temporibus
983 3209 1268 3279 aequalibus
1324 3208 1630 3279 impingant,
1695 3208 1843 3278 eique
1893 3205 2145 3277 aequalem
2192 3215 2364 3258 motus

1323 3331 1365 3368 D
1395 3336 1572 3368 movetur
1590 3343 1631 3368 se
1648 3330 1821 3381 fugiunt,
1853 3328 2146 3379 qualiscumque
2176 3327 2362 3377 supponi-

273 3324 324 3377 (ἲ)
345 3327 364 3349 *
387 3327 440 3364 In
466 3328 707 3366 velocitatum
738 3330 884 3367 ratione
915 3327 1120 3379 duplicatd.
1181 3330 1266 3380 (Ex

1319 3391 1403 3429 tur;
1424 3396 1628 3432 corporum
1647 3384 1687 3421 D
1703 3392 1740 3421 et
1762 3383 1795 3421 F
1808 3384 1873 3421 ubi
1892 3381 2126 3421 velocissime
2143 3389 2359 3428 moventur,

217 3376 488 3416 demonstratis
506 3379 623 3417 initio
645 3381 775 3418 Corol.
800 3382 955 3432 hujus.)

272 3431 329 3483 (⁸)
351 3433 372 3456 ²*
394 3432 559 3476 Accedat
577 3436 749 3473 medium
769 3437 818 3479 B,
839 3436 909 3472 διε.
972 3435 1011 3473 Si
1040 3435 1143 3472 enim
1164 3434 1267 3473 velo-

215 3484 349 3522 citates
375 3496 583 3533 corporum
607 3486 646 3522 D
667 3494 705 3523 et
728 3487 770 3530 F,
806 3500 922 3537 quam
950 3488 1118 3527 maxime
1148 3501 1267 3539 auge-

214 3545 352 3576 rentur
378 3537 477 3575 vires
496 3538 774 3586 particularum
802 3541 921 3578 medii
945 3542 991 3586 B,
1022 3542 1268 3580 manentibus

214 3590 360 3628 viribus
392 3591 511 3628 medii
534 3593 571 3629 A
593 3599 632 3629 et
651 3592 851 3632 velocitate
883 3595 1052 3643 corporis
1081 3595 1118 3632 E
1147 3607 1264 3644 quam

213 3642 382 3681 maxime
410 3643 689 3689 decrescerent,
719 3644 810 3694 quia
829 3654 886 3684 est
904 3660 1054 3696 semper
1072 3648 1128 3684 vis
1147 3647 1264 3685 medii

216 3695 255 3733 A
275 3696 325 3734 ad
345 3697 421 3734 vim
441 3697 561 3736 medii
585 3698 621 3735 B
641 3704 687 3734 ut
705 3697 936 3747 quadratum
957 3700 1169 3738 velocitatis
1180 3713 1263 3738 cor-

211 3749 315 3796 poris
338 3750 378 3787 D
398 3749 445 3787 ad
464 3750 700 3801 quadratum
720 3751 930 3789 velocitatis
948 3753 1118 3802 corporis
1138 3754 1189 3791 E.

267 3800 328 3852 (¹¹)
352 3805 373 3826 ¹*
399 3805 650 3842 Corollarium
678 3808 717 3842 3.
781 3803 894 3841 Patet
924 3817 992 3853 per
1028 3807 1117 3844 Cor.
1151 3812 1185 3844 2.
1220 3806 1261 3843 in

209 3866 290 3903 quo
309 3854 365 3891 vis
376 3856 425 3901 T,
440 3855 519 3906 qua
538 3857 736 3904 particulae
764 3856 884 3894 medii
907 3860 944 3894 A
965 3858 1006 3895 in
1026 3871 1105 3908 quo
1122 3872 1283 3918 corpus-

1321 3437 1544 3474 resistentiis
1562 3436 1806 3474 manentibus
1818 3435 2028 3487 aequalibus
2041 3447 2159 3485 quam
2173 3433 2356 3484 proxime,

1321 3490 1411 3527 licet
1429 3489 1545 3527 medii
1565 3490 1596 3528 C
1617 3490 1656 3526 in
1676 3503 1753 3538 quo
1771 3502 1910 3538 corpus
1932 3489 1965 3526 F
1982 3495 2171 3533 movetur,
2191 3487 2359 3536 particu-

1321 3543 1369 3579 1ae
1386 3542 1529 3580 viribus
1546 3542 1772 3593 centrifugis
1791 3545 1943 3591 prorsus
1961 3541 2227 3579 destituantur.
2280 3539 2356 3577 Pa-

1318 3602 1373 3633 tet
1390 3595 1505 3633 etiam
1517 3608 1564 3632 ex
1579 3608 1625 3633 eo
1638 3596 1744 3646 quod
1763 3602 2002 3644 supponatur
2012 3595 2109 3631 vires
2120 3605 2199 3630 non
2217 3593 2357 3630 habere

1319 3649 1411 3686 satis
1429 3649 1610 3697 temporis
1628 3648 1674 3685 ad
1695 3649 1903 3698 agendum,
1932 3648 2036 3685 unde
2054 3658 2165 3684 casus
2182 3645 2281 3684 redit
2307 3644 2358 3683 ad

1319 3713 1410 3738 eum
1429 3701 1469 3738 in
1488 3714 1567 3750 quo
1586 3701 1683 3739 vires
1702 3701 1779 3738 illae
1797 3700 1917 3738 nullae
1934 3707 2035 3737 sunt.

1369 3753 1419 3805 (¹)
1443 3757 1463 3779 ⁹¹⁵
1487 3757 1571 3793 Sint
1598 3762 1641 3794 ut
1661 3758 1848 3805 quadrata
1867 3756 2150 3792 diametrorum.
2213 3751 2289 3789 Per
2315 3755 2352 3788 2.

1314 3816 1462 3854 partem
1490 3807 1590 3845 dem.
1627 3807 1742 3856 Prop.
1775 3807 1903 3857 hujus,
1937 3808 1986 3844 ob
2018 3805 2124 3842 datas
2153 3815 2357 3855 corporum

1316 3859 1536 3898 velocitates
1555 3867 1593 3898 et
1610 3860 1727 3898 medii
1746 3859 1972 3898 densitatem
1989 3857 2132 3897 datam.
