2502 4192
131 247 317 298 LIBER
341 247 612 310 Securum]
666 245 1068 298 PRINCIPIA
1106 242 1729 297 MATHEMATICA.
2172 248 2275 293 305

132 392 287 462 quem
313 391 380 442 ad
404 389 553 459 polos
568 409 583 451 ;
622 389 834 442 debebit
859 409 1014 442 causa
1039 390 1210 461 aliqua
1235 390 1415 441 adesse
1441 388 1541 459 qua
1567 388 1833 457 particulae
1859 387 2075 456 singulae
2101 387 2154 437 in
2179 386 2278 437 cir-

133 481 262 532 culis
289 479 392 530 suis
417 478 735 529 retineantur
750 498 763 540 3
801 497 868 530 ne
892 479 1122 541 materia,
1163 497 1281 548 quae
1305 477 1372 529 ad
1399 477 1687 546 eclipticam
1714 486 1806 540 est,
1845 476 2054 527 recedat
2079 493 2281 544 semper

134 592 164 624 a
189 583 365 624 centro
391 581 442 624 et
466 591 562 640 per
587 573 845 625 exteriora
890 573 1100 624 vorticis
1138 564 1327 643 migret
1351 571 1416 622 ad
1441 570 1606 640 polos,
1647 556 1870 639 indeque
1906 587 2001 637 per
2026 586 2174 619 axem
2214 567 2280 619 ad

135 661 421 729 eclipticam
450 662 783 714 circulatione
808 661 1060 730 perpetua
1086 671 1390 713 revertatur.

205 752 271 820 (¹)
304 753 467 803 Corol.
499 760 544 803 1.
601 753 747 805 Hinc
786 764 957 804 motus
1002 753 1277 824 angulares
1314 752 1542 822 partium
1577 751 1724 803 fluidi
1759 751 1895 803 circa
1928 769 2081 802 axem
2118 749 2277 820 globi,

138 853 258 894 sunt
283 843 547 912 reciproce
573 855 630 896 ut
658 844 910 914 quadrata
934 843 1295 895 distantiarum
1320 863 1352 894 a
1376 854 1555 895 centro
1579 842 1738 913 globi,
1780 853 1831 893 et
1859 841 2151 892 velocitates
2189 840 2280 891 ab·

136 934 317 986 solutae
343 935 607 1004 reciproce
633 946 692 988 ut
715 937 897 988 eadem
924 936 1176 1005 quadrata
1200 936 1456 1004 applicata
1480 934 1547 986 ad
1572 934 1838 985 distantias
1865 933 1930 984 ab
1957 951 2069 984 axe.

210 1028 373 1079 Corol.
403 1034 452 1079 2.
495 1029 551 1080 Si
576 1028 762 1100 globus
788 1028 843 1078 in
866 1027 1030 1079 fluido
1057 1027 1353 1098 quiescente
1379 1026 1590 1078 similari
1628 1035 1680 1077 et
1713 1024 1917 1075 infinito
1954 1024 2091 1076 circa
2127 1041 2280 1074 axem

134 1118 390 1186 positione
417 1120 594 1171 datum
632 1120 876 1172 uniformi
916 1137 1035 1171 cum
1074 1128 1221 1171 motu
1257 1119 1566 1180 revolvatur,
1608 1115 2072 1168 communicabitur
2109 1126 2280 1165 motus

133 1209 297 1261 fluido
334 1211 388 1261 in
422 1228 622 1262 morem
658 1212 883 1274 vorticis,
927 1220 979 1262 et
1014 1221 1184 1262 motus
1210 1210 1305 1263 iste
1332 1210 1582 1279 paulatim
1605 1209 1979 1281 propagabitur
2017 1208 2070 1258 in
2108 1206 2280 1257 infini-

136 1310 274 1361 tum3
316 1319 484 1371 neque
525 1300 669 1370 prius
711 1302 932 1353 cessabit
969 1302 1024 1353 in
1068 1301 1283 1373 singulis
1326 1302 1473 1353 fluidi
1512 1302 1745 1381 partibus
1787 1300 2075 1362 accelerari,
2124 1317 2280 1369 quarn

135 1398 369 1458 tempora
407 1391 673 1458 periodica
712 1391 1031 1462 singularum
1067 1392 1294 1461 partium
1337 1392 1440 1443 sint
1482 1401 1541 1443 ut
1576 1392 1827 1463 quadrata
1863 1390 2222 1443 distantiarum
2250 1408 2276 1439 a

135 1490 312 1531 centro
336 1480 495 1551 globi.

210 1571 373 1621 Corol.
403 1578 451 1622 3.
509 1570 773 1633 Quoniam
824 1572 1034 1625 vorticis
1083 1583 1257 1642 partes
1306 1574 1578 1626 interiores
1630 1574 1693 1642 (5)
1732 1573 1801 1624 ob
1844 1573 2092 1641 majorem
2134 1587 2281 1621 suam

135 1659 457 1713 velocitatem
482 1672 709 1714 atterunt
734 1673 785 1715 et
809 1674 998 1735 urgent
1035 1664 1333 1727 exteriores,
1373 1658 1675 1734 motumque
1699 1663 1824 1732 ipsis
1851 1662 1910 1714 ea
1936 1662 2137 1713 actione
2163 1679 2282 1729 per-

132 1763 292 1817 petuo
329 1752 730 1815 communicant,
768 1762 822 1803 et
841 1753 1123 1804 exteriores
1150 1753 1223 1804 illi
1250 1753 1467 1805 eandem
1504 1764 1675 1804 motus
1712 1752 2049 1822 quantitatem
2074 1751 2125 1801 in
2153 1751 2281 1802 alios

135 1840 306 1892 adhuc
333 1843 614 1894 exteriores
641 1843 792 1894 simul
818 1844 1149 1907 transferunt,
1190 1844 1352 1914 eeque
1380 1846 1581 1897 actione
1621 1847 1683 1915 (Ζ)
1713 1855 1918 1896 servant
1944 1843 2283 1913 quantitatem

141 1929 311 1981 motsis
350 1930 428 1981 sui
465 1929 619 1998 plane
656 1932 988 1994 invariatam3
1031 1944 1175 2001 patet
1215 1934 1356 2003 quod
1398 1944 1569 1986 motus
1612 1945 1866 2002 perpetuo
1908 1932 2214 1984 transfertur
2252 1950 2284 1982 a

135 2030 314 2071 centro
339 2021 405 2072 ad
432 2022 889 2076 circumferentiam
919 2025 1143 2088 vorticis,
1190 2037 1241 2078 et
1276 2045 1371 2095 per
1406 2027 1712 2078 infinitatem
1740 2025 2165 2078 circumferentiae
2191 2025 2283 2076 ab·

137 2109 390 2162 sorbetur.
450 2111 673 2163 Materia
692 2112 825 2164 inter
842 2113 1119 2181 sphaericas
1146 2114 1273 2166 duas
1301 2115 1505 2185 quasvis
1533 2114 1831 2183 superficies
1852 2115 2034 2166 vortici
2061 2133 2282 2167 concen-

136 2197 291 2249 tricas
316 2217 583 2268 nunquam
607 2201 993 2264 accelerabitur,
1022 2221 1085 2253 eo
1111 2202 1253 2272 qued
1278 2214 1477 2255 motum
1513 2223 1720 2256 omnem
1745 2223 1775 2256 a
1799 2202 2013 2255 materia
2038 2204 2282 2257 interiore

138 2299 408 2357 acceptum
433 2290 675 2343 transfert
700 2310 903 2361 semper
928 2294 981 2344 in
1008 2295 1332 2347 exteriorem.

212 2380 376 2431 Corol.
404 2387 453 2431 4.
495 2381 724 2434 Proinde
749 2383 816 2434 ad
842 2385 1286 2436 conservationem
1315 2387 1521 2438 vorticis
1561 2397 1855 2439 constanter
1880 2387 1932 2439 in
1960 2388 2144 2440 eodem
2169 2406 2282 2438 mo-

138 2471 293 2523 vendi
319 2482 470 2538 statu,
499 2476 778 2545 requiritur
802 2472 1119 2546 principium
1146 2478 1358 2549 aliquod
1384 2479 1623 2543 activum,
1664 2498 1695 2531 a
1721 2499 1825 2550 quo
1850 2480 2037 2552 globus
2063 2480 2281 2532 eandem

140 2668 317 2707 culorum
337 2683 433 2722 quos
452 2671 672 2712 describunt
692 2676 779 2727 (per
797 2676 885 2716 Cor.
902 2681 941 2716 5.
963 2676 1081 2727 Prop.
1103 2676 1182 2716 IV.
1240 2677 1412 2716 locitates
1431 2677 1635 2728 angulares
1662 2678 1813 2716 orbium
1833 2690 1856 2715 a
1875 2685 2006 2716 centro
2023 2677 2128 2729 globi
2147 2677 2279 2716 minus

144 2721 233 2759 Lib.
261 2723 333 2772 L),
364 2725 437 2763 hoc
457 2736 523 2771 est,
554 2735 600 2765 ut
626 2730 961 2777 perpendiculares
999 2730 1049 2768 ad
1076 2742 1188 2768 axem
1241 2731 1467 2768 distantium
1485 2732 1648 2782 majores
1666 2739 1758 2769 sunt
1778 2734 1864 2783 (per
1885 2731 1973 2769 Cor.
2000 2731 2058 2780 1.)
2079 2730 2195 2780 quem
2215 2744 2279 2768 ve-

144 2775 181 2813 E
205 2775 231 2813 S
249 2784 287 2813 et
306 2790 327 2813 e
345 2789 381 2826 q.
441 2779 513 2816 Vis
531 2780 650 2830 igitur
667 2783 884 2833 centrifuga
902 2796 948 2820 eo
971 2783 1094 2833 major
1111 2791 1179 2830 est,

141 2840 219 2877 quo
245 2829 369 2880 magis
396 2831 583 2878 particula
609 2833 755 2871 accedit
781 2835 831 2872 ad
858 2844 1094 2885 aequatorem
1114 2849 1182 2873 seu

142 2881 356 2972 ecllipticairln
378 2883 404 2921 S
425 2884 476 2931 E,
506 2891 544 2922 et
570 2886 613 2922 in
640 2894 833 2937 aequatore
858 2889 1027 2926 maxima
1045 2897 1114 2936 est,
1143 2889 1185 2926 in

143 2946 193 2983 po
210 2946 233 2971 o
252 2947 306 2972 nu
338 2948 372 2973 a.

199 3004 258 3054 (¹)
278 3009 368 3043 328.
404 3008 425 3031 ²*
451 3010 569 3046 Corol.
606 3013 640 3046 1.
689 3009 826 3049 Motus
863 3012 1067 3062 angulares
1094 3021 1186 3051 sunt

143 3057 335 3106 reciproce
366 3066 411 3096 ut
441 3067 614 3109 tempora
642 3063 834 3110 periodica
863 3065 994 3115 (527),
1023 3065 1187 3116 ideoque

147 3111 211 3161 (ex
240 3110 525 3163 demonstratis)
560 3114 751 3162 reciproce
769 3124 813 3153 ut
831 3118 1016 3167 quadrata
1043 3119 1188 3156 distan-

144 3163 287 3200 tiarum
322 3177 346 3201 a
381 3173 513 3203 centro
548 3164 667 3217 globi.
732 3169 965 3209 Velocitates
1001 3172 1186 3209 absolutae

145 3216 422 3264 particularum
441 3226 533 3256 sunt
550 3227 596 3257 ut
612 3221 837 3269 peripheriae
849 3223 1078 3261 circulorum
1091 3237 1186 3275 quas

147 3268 378 3313 describunt,
408 3283 475 3308 seu
495 3280 541 3309 ut
558 3272 727 3321 ipsarum
755 3274 944 3313 distantiae
962 3279 1010 3315 ab
1028 3290 1098 3314 axe
1125 3277 1181 3315 di·

146 3320 259 3367 recte,
280 3329 319 3359 et
338 3330 511 3371 tempora
527 3325 721 3374 periodica
739 3327 911 3375 inverse3
933 3337 970 3366 et
990 3338 1188 3379 propterea

147 3382 239 3412 sunt
257 3383 302 3412 ut
319 3375 510 3414 distantiae
529 3380 577 3416 ab
596 3391 667 3416 axe
694 3379 835 3418 directe
854 3390 892 3419 et
909 3382 1094 3432 quadrata
1112 3383 1185 3420 dis.

147 3429 354 3465 tantiarum
375 3442 399 3466 a
417 3437 548 3468 centro
565 3431 672 3481 globi
690 3432 849 3477 inverse,
870 3447 914 3472 ac
927 3435 1087 3483 proinde
1099 3443 1191 3474 sunt

147 3480 338 3529 reciproce
357 3489 403 3518 ut
420 3482 554 3519 eadem
574 3484 759 3533 quadrata
773 3486 960 3535 applicata
979 3487 1027 3525 ad
1046 3488 1190 3526 distan-

147 3533 219 3571 tias
238 3535 285 3571 ab
303 3546 386 3572 axe.
449 3536 566 3573 Unde
584 3537 802 3576 velocitates
819 3541 1006 3578 absolutae
1024 3541 1191 3590 particu-

148 3585 273 3624 larum
302 3588 342 3623 in
376 3596 568 3637 aequatore
597 3597 687 3627 sunt
715 3591 907 3640 reciproce
938 3600 983 3630 ut
1018 3594 1188 3642 ipsarum

149 3638 339 3677 distantiae
356 3654 378 3678 a
398 3649 529 3678 centro
547 3642 665 3692 globi,
686 3651 724 3681 et
742 3657 873 3682 earum
893 3646 992 3683 vires
1005 3647 1189 3684 centrifu-

148 3705 211 3742 gae
229 3694 420 3740 reciproce
439 3701 484 3732 ut
502 3695 591 3733 cubi
608 3695 877 3734 distantiarum
895 3711 919 3736 a
936 3707 1068 3737 centro
1085 3700 1190 3751 globi

151 3746 237 3796 (per
259 3745 347 3782 Cor.
376 3750 410 3784 1.
436 3747 552 3797 Prop.
580 3748 655 3786 IV.
683 3749 770 3788 Lib.
795 3750 856 3800 1.)

203 3815 261 3867 (Υ)
285 3818 305 3840 *
326 3818 380 3856 Oh
399 3819 584 3870 majorem
601 3834 714 3860 suam
734 3823 976 3870 velocitatem,
996 3823 1067 3862 &c-
1110 3823 1190 3862 Ve-

203 3884 305 3923 Vot..
332 3886 393 3924 11.

1234 2784 1406 2821 locitates
1424 2784 1628 2834 angulares
1646 2785 1796 2822 orbium
1817 2786 2048 2822 exteriorum
2065 2793 2103 2821 et
2115 2798 2136 2822 a
2148 2793 2280 2822 centro

1238 2837 1394 2875 vorticis
1411 2838 1685 2884 remotiorum3
1707 2837 1773 2874 sed
1786 2838 1895 2874 orbes
1906 2837 2103 2874 interiores
2122 2849 2278 2875 excessu

1237 2890 1447 2928 velocitatis
1474 2891 1682 2940 angularis,
1713 2903 1790 2940 quo
1816 2889 1972 2928 relative
1999 2890 2048 2927 ad
2076 2892 2185 2927 oibes
2212 2903 2279 2927 ex-

1238 2943 1394 2981 teriores
1419 2952 1635 2989 moventur,
1666 2944 1737 2981 hos
1755 2950 1924 2982 atterunt
1951 2951 1989 2981 et
2015 2950 2167 2993 urgent.
2198 2958 2277 2983 mo-

1239 3003 1401 3047 tumque
1419 2998 1519 3047 ipsis,
1539 2997 1609 3034 ἃς.

1296 3085 1356 3136 (²)
1392 3088 1414 3110 *²
1445 3089 1602 3124 Servant
1638 3087 1888 3136 quantitatem
1919 3082 2043 3123 motas
2074 3086 2135 3123 sui
2161 3086 2276 3135 plane

1242 3140 1487 3177 invariatam.
1550 3137 1655 3182 Quia
1686 3143 1773 3190 (per
1804 3138 1936 3187 Hyp.)
1967 3152 2012 3176 ea
2041 3146 2097 3175 est
2126 3139 2278 3176 vorticis

1239 3191 1422 3235 conditio,
1451 3199 1496 3229 ut
1513 3203 1756 3240 unaquaeque
1774 3190 1882 3228 fluidi
1903 3203 1989 3239 pars
2006 3200 2217 3240 perseveret
2236 3193 2276 3228 in

1239 3257 1311 3281 suo
1329 3253 1437 3282 motu
1457 3243 1709 3290 uniformiter,
1740 3253 1778 3281 et
1797 3244 1835 3281 in
1855 3242 1989 3281 eadem
2009 3258 2032 3282 a
2050 3252 2181 3282 centro
2200 3245 2277 3282 dis-

1240 3298 1360 3335 tantia
1378 3297 1513 3335 eodem
1533 3309 1681 3344 semper
1691 3304 1822 3334 tenore
1834 3305 2057 3344 moveatur3
2078 3305 2115 3335 et
2134 3305 2276 3343 tamen,

1241 3359 1394 3399 propter
1411 3351 1563 3388 orbium
1590 3350 1815 3387 interiorum
1834 3350 2019 3400 majorem
2037 3350 2277 3388 velocitatem

1242 3403 1467 3452 angularem
1500 3403 1750 3452 attritumque
1782 3404 2025 3449 continuum,
2065 3405 2174 3440 orbes
2210 3416 2277 3441 ex-

1243 3456 1399 3493 teriores
1416 3454 1601 3504 perpetue
1626 3466 1815 3506 urgentur
1833 3464 1870 3494 et
1888 3456 1936 3494 ad
1955 3465 2105 3494 motum
2133 3456 2277 3493 accele-

1243 3507 1407 3546 randum
1429 3509 1635 3546 incitantur
1651 3524 1663 3557 ;
1691 3522 1843 3547 necesse
1863 3519 1918 3548 est
1937 3518 1981 3547 ut
1998 3518 2127 3546 motus
2145 3522 2278 3558 perpe-

1244 3568 1315 3598 tuo
1349 3562 1599 3599 transferatur
1628 3575 1651 3599 a
1683 3571 1814 3600 centro
1845 3562 1894 3600 ad
1930 3563 2279 3600 circumferentiam

1242 3614 1407 3660 vorticis,
1435 3623 1474 3652 et
1491 3627 1558 3663 per
1575 3615 1805 3652 infinitatem
1825 3616 1978 3653 exu’mae
2006 3615 2280 3652 circumferen-

1243 3666 1307 3703 tiae
1326 3668 1580 3705 absorbeatur.
1634 3668 1725 3713 Qua
1744 3669 1891 3706 ratione
1908 3668 1951 3705 fit
1970 3677 2014 3705 ut
2033 3670 2184 3705 orbium
2203 3668 2284 3705 sin-

1244 3719 1441 3769 gulorum,
1457 3721 1523 3770 qui
1538 3720 1711 3758 eamdem
1728 3721 1855 3758 motus
1869 3722 2119 3771 quantitatem
2135 3720 2174 3756 in
2188 3721 2284 3759 alios

1243 3772 1450 3836 exteriores
1466 3772 1584 3811 simul
1601 3781 1641 3813 et
1662 3786 1813 3823 semper
1830 3774 2076 3821 transferunt,
2105 3773 2208 3812 idem
2235 3775 2284 3813 sit

1243 3832 1430 3874 perpetuo
1447 3833 1588 3866 motus.

1206 3893 1246 3931 U
