2502 4192
149 233 338 285 ,num
369 229 642 292 secum]
684 208 1087 279 PR'INCIPIA
1127 217 1743 275 MATHEMATICA.
2193 225 2288 270 511

126 374 412 453 5phaerica,
438 370 787 422 movebuntur
811 368 1118 438 particulae
1104 387 1158 418 m
1183 366 1331 418 lineis
1351 383 1456 416 non
1477 363 1812 416 circularibus
1833 362 1924 413 sed
1945 361 2294 414 conformibus

144 464 317 517 eidem
337 461 469 512 vasis
490 460 691 530 figurae,
714 469 765 510 et
783 468 1018 526 tempora
1036 456 1301 525 periodica
1319 463 1471 506 erunt
1489 463 1548 505 ut
1564 452 1813 523 quadrata
1831 450 2170 502 mediocrium
2190 451 2293 502 dis-

146 554 426 612 tantiarum
452 570 482 601 a
507 559 686 602 centro
712 566 866 618 quam
887 547 1141 616 proxime.
1202 546 1266 597 In
1291 544 1524 614 partibus
1552 544 1685 594 inter
1711 551 1945 594 centrum
1961 549 2012 592 et
2027 539 2293 591 circumfe—

150 646 385 707 rentiam,
413 643 505 694 ubi
527 641 712 693 latiora
735 649 855 692 sunt
881 639 1060 708 spatia,
1083 637 1335 689 tardiores
1353 645 1504 688 erunt
1521 644 1709 697 motus,
1726 632 1814 685 ubi
1835 631 2134 703 angustiora
2153 630 2292 682 velo-

141 736 305 788 ciores
328 731 382 802 (s)
410 750 580 801 neque
601 739 771 781 tamen
785 711 1061 798 particulae
1079 726 1362 778 velociores
1381 734 1558 796 petent
1577 721 2059 776 circumferentiam.
2122 720 2291 772 Arcus

141 824 279 878 enim
305 821 598 873 describent
624 819 792 870 minus
819 836 1020 880 curvo8,
1057 826 1109 868 et
1134 825 1353 869 conatus
1379 815 1657 867 recedendi
1683 833 1713 865 a
1756 823 1937 865 centro
1969 831 2086 864 mon
2121 812 2291 864 minus

142 913 459 965 diminuetur
482 928 577 978 per
603 908 990 959 decrementum
1014 905 1170 975 hujus
1197 914 1504 967 curvaturae,
1534 903 1692 974 quam
1719 902 1992 973 augebitur
2011 919 2104 969 per
2124 900 2291 952 incre-

143 1014 379 1056 mentum
404 999 704 1053 velocitatis,
785 996 1061 1069 Pergendo
1087 996 1318 1065 a'spatiis
1344 994 1732 1066 angustioribus
1757 994 1812 1043 in
1837 992 2019 1044 latiora
2046 990 2292 1043 recedent

141 1096 298 1165 paulo
334 1094 539 1164 longius
577 1112 609 1144 a
645 1100 840 1153 centro,
882 1089 972 1141 sed
996 1088 1096 1140 isto
1121 1106 1326 1140 recessu
1351 1087 1674 1147 tardescent3
1715 1094 1767 1136 et
1792 1083 2085 1136 accedendo
2110 1092 2291 1151 postea

141 1185 207 1237 de
231 1184 500 1236 latioribus
526 1181 592 1233 ad
619 1180 916 1252 angustiora
942 1178 1383 1241 accelerabuntur,
1424 1186 1475 1229 et
1502 1177 1574 1228 sic
1598 1194 1694 1245 per
1729 1175 1867 1225 vices
1911 1173 2204 1225 tardescent
2241 1183 2293 1223 et

143 1276 569 1330 accelerabuntur
592 1272 865 1344 particulae
892 1270 1109 1343 singulae
1135 1270 1190 1321 in
1214 1278 1542 1339 perpetuum.
1601 1267 1665 1336 (g)
1697 1266 1834 1318 Haec
1858 1265 1929 1316 ita
1955 1283 2007 1316 se
2026 1263 2291 1315 habebunt

140 1368 194 1418 in
221 1386 340 1419 vase
371 1365 560 1437 rigide.
637 1363 776 1414 Nam
800 1362 854 1412 in
880 1359 1045 1412 fluido
1072 1358 1277 1410 infinito
1302 1356 1601 1410 constitutio
1626 1354 1880 1407 vorticum
1906 1353 2181 1435 innotescit
2195 1371 2290 1422 per

144 1455 526 1525 Propositionis
551 1452 703 1522 hujus
733 1450 1081 1503 Corollarium
1108 1458 1328 1500 sextum.

213 1547 564 1616 Proprietates
591 1554 765 1597 autem
791 1542 1046 1595 vorticum
1071 1542 1169 1594 hac
1198 1540 1560 1611 Propositione
1586 1538 1896 1608 investigare
1922 1547 2134 1589 conatus
2160 1557 2288 1601 sum,

138 1649 197 1691 ut
220 1647 570 1708 pertentarem
596 1636 639 1687 si
664 1633 765 1706 qua
792 1634 991 1686 ratione
1015 1632 1362 1702 phaenomena
1388 1630 1617 1683 coelestia
1652 1648 1747 1698 per
1782 1629 2002 1681 vortices
2046 1630 2293 1698 explicari

137 1729 354 1798 possint.
431 1727 570 1778 Nam
594 1725 978 1795 phaenomenon
1007 1733 1100 1787 est,
1130 1723 1272 1794 quod
1297 1723 1626 1792 planetarum
1654 1722 1790 1773 circa
1815 1721 1848 1773 J
1851 1740 1999 1772 ovem
2026 1721 2292 1773 revolven-

138 1820 268 1871 tium
292 1829 529 1886 tempora
552 1814 818 1885 periodica
843 1824 963 1866 sunt
986 1814 1041 1865 in
1065 1814 1264 1866 ratione
1291 1811 1653 1883 sesquiplicata
1681 1811 2040 1863 distantiarum
2066 1832 2096 1863 a
2116 1821 2293 1863 centro

138 1908 315 1970 Jovis3
354 1916 405 1958 et
431 1905 610 1957 eadem
637 1904 817 1974 regula
843 1904 1042 1955 obtinet
1066 1903 1120 1954 in
1157 1902 1379 1971 planetis
1421 1900 1511 1971 qui
1548 1901 1686 1952 circa
1729 1900 1902 1953 Solem
1943 1900 2291 1951 revolvuntur.

141 1997 395 2050 Obtinent
426 2005 600 2047 autem
623 1994 707 2045 hae
733 1994 929 2065 regulae
955 1994 1009 2045 in
1033 1993 1255 2063 planetis
1282 1992 1518 2062 utrisque
1546 2009 1702 2061 quam
1728 1988 2125 2053 accuratissime,
2167 1988 2293 2060 qua-

138 2100 288 2142 tenus
315 2087 703 2140 observationes
730 2086 1091 2138 astronomicae
1114 2086 1364 2138 hactenus
1384 2082 1681 2153 prodidere.
1759 2082 1990 2153 Ideoque
2009 2083 2050 2133 si
2069 2082 2293 2151 planetae

139 2181 213 2231 illi
239 2201 269 2233 a
292 2180 571 2232 vorticibus
597 2179 733 2230 circa
757 2178 942 2230 Jovem
968 2187 1020 2229 et
1048 2177 1224 2230 Solem
1249 2174 1635 2228 revolventibus
1672 2172 1986 2236 deferantur,
2028 2173 2293 2225 debebunt

141 2269 296 2321 etiam
319 2269 375 2319 hi
399 2268 617 2320 vortices
644 2266 825 2319 eadem
851 2267 965 2338 lege
991 2265 1200 2319 revolvi.
1277 2263 1478 2317 Verum
1502 2273 1739 2333 tempora
1760 2262 2025 2332 periodica
2067 2262 2292 2331 partium

140 2358 344 2409 vorticis
369 2356 676 2425 prodierunt
690 2356 745 2406 in
763 2355 962 2407 ratione
982 2349 1243 2424 duplicata
1264 2354 1627 2407 distantiarum
1645 2373 1676 2404 a
1695 2363 1873 2405 centro
1894 2363 2096 2404 motus:
2125 2372 2292 2422 neque

140 2456 309 2516 potest
334 2447 465 2498 ratio
490 2446 579 2498 illa
605 2445 822 2497 diminui
848 2454 898 2496 et
922 2444 988 2496 ad
1014 2445 1270 2497 rationem
1298 2442 1715 2514 sesquiplicatam
1741 2441 1936 2505 reduci,
1967 2439 2030 2511 (¹²)
2069 2443 2168 2493 nisi
2210 2442 2291 2493 vel

141 2590 277 2629 culum
305 2588 564 2633 describentis,
610 2589 724 2639 cujus
751 2587 880 2626 radius
910 2588 945 2626 P
985 2589 1023 2627 S.
1085 2588 1190 2626 Nam

142 2651 297 2692 tempus
323 2641 572 2691 periodicum,
603 2642 751 2680 caeteris
779 2642 945 2690 paribus,
975 2641 1109 2680 crescit
1145 2650 1191 2680 ut

1298 2587 1356 2640 (Β)
1379 2590 1400 2611 *
1423 2589 1524 2626 Haec
1543 2588 1597 2624 ita
1616 2599 1653 2625 se
1672 2587 1873 2632 habebunt,
1893 2584 1935 2622 in
1953 2597 2040 2623 vase
2068 2584 2193 2635 rigido
2223 2593 2292 2624 aut

1243 2640 1284 2677 in
1317 2640 1440 2689 spatio
1473 2639 1558 2677 aliis
1585 2639 1794 2678 vorticibus
1821 2638 2071 2684 circumdato,
2100 2651 2178 2689 quo
2205 2646 2290 2676 tan-

143 2697 321 2734 velocitas
339 2695 514 2733 absoluta
528 2695 734 2741 decrescit;
764 2694 829 2732 sed
845 2694 937 2732 cum
952 2702 1082 2733 vortex
1099 2707 1189 2743 sup-

143 2758 312 2799 ponatur
347 2761 427 2786 esse
463 2749 505 2785 in
545 2756 648 2786 statu
687 2749 940 2797 permanenti,
980 2755 1018 2786 et
1054 2748 1189 2785 eadem

143 2802 308 2852 proinde
326 2801 495 2839 materiae
514 2801 707 2852 quantitas
738 2814 806 2849 per
835 2800 969 2838 latiora
998 2802 1119 2850 spatia
1146 2808 1191 2838 ut

149 2857 181 2894 C
206 2856 255 2901 A,
276 2863 314 2894 et
331 2867 398 2904 per
416 2854 638 2905 angustiora
657 2861 700 2892 ut
722 2855 754 2892 F
776 2854 832 2898 H,
855 2854 972 2891 simul
997 2861 1193 2900 transeat·,

110 2922 119 2933 ¹·
147 2917 295 2958 oportet
313 2916 358 2946 ut
375 2909 542 2946 materiae
560 2907 740 2945 velocitas
765 2908 806 2944 in
834 2907 965 2955 spatiis
992 2907 1189 2945 latioribus

147 2962 358 3006 minuatur,
386 2968 426 2999 et
452 2963 492 2998 in
522 2960 807 3011 angustioribus
833 2967 1032 3010 augeatur.
1096 2961 1188 3005 Quo

146 3015 190 3053 fit
208 3023 253 3054 ut
271 3014 457 3063 particula
477 3014 525 3060 P,
544 3013 679 3051 eodem
698 3013 778 3052 fere
802 3020 973 3062 tempore
1000 3013 1188 3051 describat

146 3069 307 3107 orbitam
338 3069 373 3107 B
413 3067 449 3106 P
488 3067 527 3105 G
566 3067 615 3113 B,
653 3080 732 3117 quo
769 3066 967 3104 velocitate
1004 3066 1188 3105 mediocri

146 3121 372 3160 describeret
390 3120 579 3159 circulum
599 3120 710 3171 cujus
729 3127 826 3158 esset
843 3119 973 3157 radius
991 3120 1026 3158 P
1046 3120 1084 3158 8.

202 3174 252 3227 (f)
274 3177 295 3199 ‘¹'
314 3177 451 3225 Neque
462 3182 591 3212 tamen
597 3175 803 3222 partzculae
817 3174 1022 3212 velociores.
1084 3173 1190 3211 Nam

147 3236 276 3267 vortex
296 3240 374 3265 non
394 3234 518 3277 potest
535 3239 615 3264 esse
634 3226 675 3263 in
694 3234 794 3264 statu
827 3226 1069 3274 permanenti
1095 3226 1191 3275 quin

146 3280 333 3329 particula
356 3280 402 3324 P,
423 3279 465 3317 in
483 3279 613 3328 spatiis
631 3279 915 3330 angustioribus
939 3279 976 3316 L
996 3279 1051 3324 N,
1075 3279 1109 3317 F
1130 3279 1189 3325 H,

146 3333 196 3371 ad
216 3341 390 3372 centrum
414 3333 441 3371 S
458 3332 639 3380 accedat;
669 3340 707 3370 et
724 3331 813 3370 ideo
833 3344 985 3370 necesse
1004 3339 1061 3370 est
1078 3337 1123 3370 ut
1149 3332 1191 3369 in

147 3387 283 3424 iisdem
302 3385 433 3434 spatiis
452 3393 613 3424 conatus
630 3384 834 3423 recedendi
851 3397 875 3423 a
901 3392 1044 3423 centro
1058 3384 1192 3422 minus

147 3446 336 3491 augeatur
352 3452 421 3488 per
439 3439 721 3477 incrementum
747 3438 969 3485 velocitatis,
995 3450 1114 3487 quam
1132 3437 1190 3475 di-

147 3493 337 3531 minuitur
350 3505 419 3541 per
430 3492 718 3530 decrementum
732 3499 958 3530 curvaturae.
998 3491 1072 3529 Est
1087 3490 1191 3528 enim

148 3547 206 3583 vis
221 3559 299 3597 qua
317 3544 505 3594 particula
526 3545 575 3592 P,
594 3545 637 3582 in
655 3544 741 3583 loco
763 3545 814 3591 G,
836 3544 972 3582 nititur
989 3556 1013 3582 a
1026 3544 1190 3582 circum-

149 3598 311 3637 ferentia
330 3599 378 3637 M
404 3599 442 3637 G
460 3574 646 3643 recedere,
666 3606 712 3635 ut
728 3598 959 3648 quadratum
982 3596 1192 3635 velocitatis

149 3651 345 3700 particulae
372 3650 515 3690 directe
541 3658 582 3689 et
604 3650 735 3689 radius
752 3650 888 3689 circuli
906 3662 1062 3689 curvam
1080 3662 1191 3688 oscu-

149 3705 320 3797 laritislrn
345 3704 429 3750 G,
417 3703 565 3743 inverse
586 3705 698 3757 (Cor.
727 3708 758 3742 1.
787 3703 902 3752 Prop.
928 3703 1004 3742 IV.
1038 3710 1078 3741 et
1107 3711 1188 3742 not.

154 3762 240 3797 121.
300 3757 350 3797 ib.
370 3757 442 3809 L).

1243 2706 1360 2744 quam
1388 2706 1488 2738 vase,
1521 2691 1635 2742 juxta
1667 2692 1829 2732 Cartesii
1868 2666 2091 2740 offinionem
2131 2692 2291 2729 materia

1245 2745 1397 2784 vorticis
1415 2746 1646 2784 continetur.
1708 2746 1771 2784 Ex
1791 2745 1851 2783 his
1869 2752 2000 2783 autem
2021 2745 2203 2783 Newtoui
2221 2747 2290 2784 ob-

1244 2799 1521 2838 servationibus
1539 2799 1724 2848 sequitur.
1783 2803 1819 2836 1.
1847 2799 2096 2836 Planetarum
2123 2798 2190 2848 qui
2216 2798 2289 2836 cir·

1245 2852 1291 2891 ca
1313 2852 1525 2891 Cartesiani
1543 2852 1698 2889 vorticisv
1714 2860 1890 2891 centrum
1919 2850 2055 2889 eadem
2084 2850 2170 2901 lege
2197 2863 2289 2889 cum

1242 2906 1394 2944 vorticis
1411 2905 1581 2953 partibus
1598 2914 1814 2949 moventur,
1846 2904 1987 2944 orbitas
2014 2902 2061 2942 εὸ
2088 2904 2213 2954 magis
2239 2904 2289 2942 ad

1242 2958 1375 2997 circuli
1395 2958 1560 3009 figuram
1579 2958 1761 2997 accedere
1779 2958 1917 2997 debere
1935 2971 2015 3008 quo
2039 2965 2172 2995 centro
2203 2969 2288 2995 vor-

1241 3012 1325 3050 ticis
1343 3013 1538 3060 propiores
1556 3019 1671 3059 sunt;
1700 3019 1739 3050 et
1752 3009 1952 3061 propterea
1966 3010 2290 3049 excentricitatem

1241 3065 1375 3104 orbitae
1395 3064 1582 3103 Mercurii
1601 3063 1718 3114 longe
1735 3066 1928 3103 minorem
1950 3077 2033 3102 esse
2065 3064 2290 3102 excentrici-

1241 3125 1320 3157 tate
1338 3118 1471 3157 orbitae
1493 3117 1649 3156 Saturni
1667 3125 1706 3156 et
1732 3118 1909 3157 omnium
1937 3117 2179 3166 superiorum
2207 3117 2289 3166 pla-

1243 3178 1432 3216 netarum,
1453 3170 1585 3209 contra
1603 3171 1885 3209 observationes
1899 3170 2179 3209 astronomicas-
2220 3171 2289 3209 Se-

1243 3224 1376 3275 quitur
1394 3230 1429 3263 2.
1451 3224 1492 3262 in
1524 3223 1750 3263 Cartesiana
1776 3223 1977 3275 hypothesi
2003 3223 2182 3273 explicari
2210 3236 2289 3261 non

1244 3290 1354 3327 posse
1380 3290 1450 3316 cur
1476 3277 1641 3327 planetae
1668 3277 1819 3327 ellipses
1845 3284 2054 3323 accuratas,
2083 3290 2162 3315 non
2199 3275 2289 3315 vero

1244 3330 1410 3369 circulos
1425 3339 1493 3368 aut
1511 3330 1739 3380 irregulares
1763 3331 1908 3382 figuras
1934 3330 2159 3369 describant.
2221 3330 2290 3368 Se-

1244 3383 1377 3434 quitur
1394 3388 1433 3422 5.
1455 3384 1632 3422 omnium
1652 3383 1862 3422 orbitarum
1882 3384 2032 3433 aphelia
2050 3391 2089 3421 et
2107 3382 2290 3431 perihelia

1244 3450 1269 3476 a
1290 3437 1378 3475 Sole
1397 3444 1564 3485 spectata
1582 3437 1623 3474 in
1643 3436 1780 3475 iisdem
1793 3437 1893 3475 inter
1907 3437 2004 3475 fixas
2018 3436 2110 3474 locis
2124 3449 2205 3473 esse
2219 3449 2290 3485 po-

1245 3490 1317 3528 sita
1335 3488 1451 3540 atque
1476 3490 1637 3528 immota
1662 3502 1843 3538 manere;
1872 3490 1961 3528 cum
1989 3498 2118 3527 tamen
2146 3501 2193 3526 ex
2220 3491 2290 3527 ob-

1245 3541 1522 3581 servationibus
1537 3544 1800 3582 astronomicis
1811 3552 1956 3581 certum
1971 3543 2030 3588 sit,
2047 3542 2288 3590 planetarum

1245 3596 1396 3645 aphelia
1413 3609 1437 3634 a
1455 3609 1495 3634 se
1513 3596 1678 3634 invicem
1697 3596 1813 3650 longe
1832 3598 1970 3634 distare
1988 3603 2027 3634 et
2045 3596 2150 3634 lento
2179 3603 2289 3634 motu

1245 3662 1320 3700 agl.

1301 3701 1361 3753 (Β)
1384 3704 1405 3726 ⁴*
1445 3703 1537 3741 N'isi
1553 3704 1608 3741 vel
1624 3704 1785 3742 materia
1803 3703 1948 3742 vorticis
1973 3700 2013 3741 εό
2032 3703 2200 3754 fluidior
2228 3703 2285 3740 sit.

1249 3755 1348 3808 (Per
1365 3764 1445 3794 not·
1465 3755 1579 3806 332.)
