2502 4192
1 3670 16 3679 e
0 3606 17 3654 *a*
0 3574 11 3588 -π
0 3526 17 3550 r·
0 3327 21 3511 *affirm*
0 3295 25 3317 μγ

141 293 323 345 lem
353 292 626 354 SECUND]
706 285 1105 341 PRINCIPIA
1147 279 1766 338 ΜΑΤΗΕΜΑΤΙΟΑυ
2211 288 2272 334 13

623 539 1095 595 PROPOSITIO
1134 538 1177 590 Ι.
1253 534 1709 590 THEOREMA
1748 533 1792 586 I.

148 690 401 756 Corpori8‚
440 689 521 742 cui
543 689 792 740 resistitur
817 688 872 738 in
895 686 1095 739 ratione
1138 685 1430 746 velocitatis,
1469 690 1623 736 motus
1656 700 1718 735 ex
1759 680 2043 735 resistentia
2081 682 2285 734 amissus

733 782 804 826 est
827 782 882 826 ut
905 775 1121 841 spatium
1145 774 1380 826 movendo
1403 772 1687 844 consectum.

211 920 351 973 Nam
391 937 510 970 cum
547 927 717 969 motus
760 916 975 988 singulis
1013 915 1261 985 temporis
1286 914 1556 984 particulis
1583 913 1866 985 aequalibus
1893 913 2106 965 amissus
2133 913 2198 964 sit
2224 922 2280 963 ut

141 1010 402 1073 velocium,
428 1009 530 1061 hoc
558 1010 620 1078 (²².)
649 1018 740 1071 est,
768 1017 826 1059 ut
850 1007 1046 1060 itineris
1073 1005 1292 1058 confecti
1315 1005 1587 1075 particula,
1617 1005 1729 1068 erit,
1759 1003 2144 1074 componend0‚
2173 1021 2287 1054 mo-

142 1109 225 1152 tus
251 1109 363 1151 toto
383 1110 621 1167 tempore
646 1098 863 1149 amissus
889 1107 947 1148 ut
970 1096 1069 1148 iter
1094 1106 1276 1148 totum.
1355 1096 1424 1158 Q.
1452 1115 1497 1148 e.
1526 1096 1579 1148 d.

217 1190 381 1242 Corol.
423 1190 603 1251 Quare
630 1190 674 1240 si
699 1207 903 1258 corpus,
931 1187 1182 1260 gravitate
1207 1186 1350 1240 omni
1376 1186 1698 1248 destitutum,
1726 1185 1780 1235 in
1808 1183 1872 1254 (¹³)
1902 1184 2077 1253 spatiis
2103 1183 2282 1234 liberis

143 1278 255 1329 sola
272 1278 323 1329 vi
348 1278 499 1330 insit&
525 1287 793 1329 moveatur
807 1297 821 1340 3
861 1295 921 1329 ac
947 1274 1098 1328 detur
1123 1285 1233 1327 tum
1269 1284 1441 1327 motus
1467 1284 1605 1326 totus
1644 1273 1741 1325 sub
1778 1272 1942 1337 initio,
1983 1283 2094 1323 tum
2132 1272 2288 1324 etiam
2315 1268 2319 1274 ’

142 1377 315 1419 motus
342 1367 567 1436 reliquus
602 1377 723 1438 post
761 1366 984 1435 spatium
1020 1365 1231 1437 aliquod
1256 1365 1578 1418 confectum:
1622 1364 1680 1433 (0)
1708 1363 1917 1414 dabitur
1944 1362 2168 1431 spatium
2206 1370 2286 1413 to-

146 1467 261 1508 tum
286 1458 427 1528 quod
454 1476 642 1526 corpus
667 1458 871 1509 infinito
897 1467 1130 1526 tempore
1167 1456 1461 1509 describere
1484 1465 1670 1524 potest.
1749 1454 1865 1506 Erit
1902 1455 2041 1506 enim
2068 1453 2293 1522 spatium

144 1544 279 1597 illud
304 1546 372 1598 ad
397 1545 621 1615 spatium
637 1547 747 1616 jam
773 1545 1108 1616 descriptum,
1134 1555 1194 1600 ut
1217 1555 1388 1598 motus
1415 1553 1554 1597 totus
1581 1543 1677 1595 sub
1702 1543 1850 1597 initio
1875 1543 1943 1595 ad
1961 1542 2134 1595 motus
2154 1541 2290 1594 illius

146 1644 350 1703 partem
386 1634 644 1688 amissam.

1039 1843 1333 1897 LEMMA
1372 1844 1418 1897 Ι.

213 2005 535 2071 Quantitates
559 2004 860 2075 differentiis
883 2004 984 2054 suis
1000 2004 1408 2073 proportionales
1431 2010 1545 2053 sunt
1570 1998 1800 2052 continue
1815 2002 2238 2068 proportionale&

230 2144 310 2199 Sit
336 2145 387 2196 A
412 2143 480 2196 ad
506 2144 558 2197 A
582 2175 654 2185 —-
681 2145 729 2196 B
754 2153 813 2196 ut
839 2145 886 2197 B
913 2144 980 2197 ad
1008 2144 1054 2196 B
1075 2176 1148 2185 —
1175 2144 1220 2196 C
1246 2153 1299 2196 et
1327 2144 1373 2196 C
1398 2144 1466 2196 ad
1495 2145 1541 2196 C
1557 2175 1630 2186 —-
1648 2146 1720 2207 D,
1750 2147 1844 2197 &a
1872 2155 1924 2196 et
1950 2145 2301 2199 convertendo

158 2233 248 2285 fiet
275 2234 325 2285 A
351 2233 418 2285 ad
446 2234 577 2288 But
604 2234 650 2288 Β
676 2233 744 2288 ad
772 2232 890 2287 Cet
918 2232 1055 2287 Cad
1081 2233 1155 2297 D,
1184 2234 1279 2286 διο.
1358 2233 1428 2295 Q.
1456 2253 1503 2286 e.
1528 2233 1580 2286 d.

613 2457 1084 2513 PROPOSITIO
1107 2429 1199 2513 Π.
1276 2460 1731 2514 THEOREMA
1770 2462 1845 2514 11.

158 2619 218 2670 Si
241 2619 440 2685 corpori
462 2619 714 2670 resistitur
739 2621 795 2670 in
818 2622 1018 2671 ratione
1042 2623 1338 2683 velocitatis,
1379 2630 1428 2673 et
1452 2622 1579 2673 idem
1603 2620 1709 2674 30Ζᾶ
1730 2624 1782 2675 vi
1806 2622 1962 2674 insita
1978 2643 2078 2692 per
2100 2627 2309 2679 medium

229 2711 453 2762 similare
477 2719 744 2775 moveatur,
771 2721 1028 2764 sumantur
1052 2721 1214 2763 autem
1240 2721 1464 2779 tempora
1490 2716 1739 2781 aequalia:
1779 2717 2058 2767 velocitates
2084 2718 2138 2767 in
2155 2720 2311 2784 prin-2

229 2802 377 2868 capiis
400 2803 704 2869 singulorum
729 2811 996 2869 temporum
1021 2812 1134 2854 sunt
1160 2805 1215 2854 in
1225 2806 1577 2872 progressione
1594 2806 1913 2874 geometrica,
1941 2815 1989 2857 et
2013 2811 2184 2875 spatia
2203 2810 2284 2860 sin
2298 2841 2311 2850 ι

225 2891 361 2960 gadis
385 2891 684 2959 temporibus
711 2894 964 2959 descripta
989 2901 1103 2945 sunt
1127 2902 1182 2944 ut
1220 2896 1517 2946 velocitates.

238 3050 352 3101 Cas,
383 3056 430 3100 1.
492 3049 772 3102 Dividatur
823 3059 1025 3120 tempus
1073 3052 1129 3102 in
1177 3052 1457 3120 particulas
1510 3051 1763 3121 aequales;
1827 3062 1880 3105 et
1928 3053 1972 3106 si
2020 3054 2145 3123 ipsis
2195 3074 2317 3124 par-

163 3138 438 3192 ticularum
477 3140 636 3193 initiis
676 3152 797 3212 agat
832 3142 909 3194 vis
948 3142 1255 3194 resistentiae
1293 3140 1520 3210 impulsu
1558 3142 1728 3205 unic0,
1777 3160 1894 3214 quae
1932 3143 1999 3195 sit
2031 3154 2090 3195 ut
2127 3145 2317 3198 veloci-⁴

221 3333 278 3387 (²)
309 3336 331 3359 ²*
365 3336 453 3374 Hoc
479 3343 543 3381 est,
578 3343 622 3374 ut
649 3337 793 3375 itineris
822 3338 988 3389 conficti
1020 3338 1211 3387 particula
1264 3337 1413 3375 ratione
1441 3336 1689 3387 velocitatis.)
1749 3336 1852 3376 cnm
1885 3351 1978 3388 ergo
2007 3346 2138 3378 motus
2169 3340 2219 3379 ad
2247 3353 2312 3380 ex-

170 3386 260 3441 (12)
280 3389 331 3425 ob
349 3387 483 3425 datum
502 3389 684 3437 temporis
700 3397 943 3427 momentum
965 3391 1028 3440 (ex
1044 3390 1157 3440 hyp.)
1264 3391 1508 3429 stinctionem
1535 3403 1658 3441 usque
1676 3391 1850 3435 amissus,
1881 3392 1930 3430 sit
1947 3391 2028 3440 ipse
2047 3401 2177 3431 motus
2195 3401 2312 3438 totus,

224 3439 279 3492 (b)
310 3443 333 3465 ⁴*
363 3444 416 3482 In
432 3443 561 3491 spatiis
578 3444 717 3487 liberis,
746 3442 788 3480 id
806 3450 874 3488 est,
902 3442 944 3480 in
963 3442 1104 3493 quibus
1121 3443 1210 3482 nul·
1265 3453 1304 3482 et
1321 3451 1450 3481 motus
1469 3442 1597 3481 amissi
1616 3443 1693 3482 sint
1709 3452 1754 3481 ut
1772 3443 1893 3494 spatia
1919 3445 2112 3483 movendo
2139 3446 2314 3484 confecta

169 3493 255 3531 lum
273 3493 380 3531 aliud
399 3501 456 3531 est
474 3494 714 3539 obstaculum
734 3502 872 3544 praeter
889 3495 1009 3534 medii
1036 3496 1216 3535 resisten-
1262 3497 1358 3547 '(per
1379 3495 1542 3545 Theor.)
1571 3496 1643 3534 erit
1661 3506 1791 3535 motus
1809 3504 1914 3535 totus
1940 3497 1990 3536 ad
2011 3498 2139 3537 motfis
2166 3506 2316 3547 partem

170 3546 266 3584 tiam
284 3546 476 3584 velocitati
494 3547 829 3596 proportionalem.
1267 3550 1449 3588 amissam
1484 3557 1571 3598 post
1607 3549 1743 3587 datum
1779 3551 1947 3599 spatium
1983 3551 2229 3600 descriptum,
2268 3558 2315 3589 ut

228 3598 284 3651 (ο)
307 3601 328 3624 ³*
359 3602 533 3639 Dabitur
559 3602 725 3651 spatium
744 3609 866 3641 totum
884 3605 984 3653 quod
1003 3616 1136 3652 corpus
1154 3605 1215 3642 in·
1269 3603 1437 3652 spatium
1458 3602 1508 3640 ad
1526 3603 1818 3641 exstinctionem
1846 3617 1970 3655 usque
1996 3604 2125 3642 motus
2149 3604 2316 3653 descrip-

172 3654 292 3707 fim'to
312 3661 476 3703 tempore
496 3655 699 3693 describere
708 3663 842 3704 potest,
862 3657 935 3693 hoc
948 3663 1017 3701 est,
1036 3669 1158 3706 usque
1170 3656 1219 3694 ad
1271 3664 1357 3694 tum
1376 3656 1424 3694 ad
1444 3655 1544 3693 illud
1562 3656 1698 3694 datum
1718 3657 1896 3705 spatium.
1960 3657 2076 3695 Unde
2095 3657 2215 3707 liquet
2229 3670 2315 3706 spa-

172 3712 303 3744 motus
321 3706 626 3744 exstinctionem.
678 3707 936 3759 (Ostendetur
954 3715 1085 3747 autem
1104 3709 1218 3756 infra,
1272 3709 1373 3748 tium
1398 3708 1503 3759 quod
1522 3722 1659 3758 corpus
1678 3709 1727 3747 ad
1744 3709 1873 3748 motus
1892 3723 2013 3760 usque
2041 3710 2315 3748 extinctionem

173 3757 217 3795 in
243 3766 336 3797 nota
363 3758 391 3803 f,
422 3759 620 3798 infinitum
648 3767 805 3810 tempus
838 3761 983 3813 requiri
1013 3770 1059 3800 ut
1090 3770 1218 3801 motus
1270 3762 1449 3801 describit
1476 3762 1632 3800 finitum
1664 3775 1757 3807 esse,
1788 3762 1879 3802 cum
1897 3763 2026 3802 datam
2045 3764 2183 3803 habeat
2200 3763 2311 3802 ratio.

176 3813 304 3851 omnis
329 3812 591 3865 extinguatur,
620 3813 777 3866 quando
809 3814 996 3854 resistitur
1024 3815 1150 3855 motui
1176 3815 1218 3854 in
1272 3828 1362 3854 nem
1381 3815 1431 3855 ad
1444 3815 1612 3865 spatium
1629 3815 1798 3855 finitum.
