2502 4192
100 253 287 307 Limen
318 254 591 318 Saeuum]
647 253 1051 307 PRINCIPIA
1092 251 1714 307 MATHEMATICA.
2154 260 2255 307 241

1878 450 1890 482 ε
1933 439 1984 482 et
2020 431 2262 483 velocitas

1985 558 2262 629 2PF-

96 437 146 492 Ο,
170 434 529 482 4342944819
558 391 689 535 gg,
733 431 899 501 sitque
944 431 985 483 L
1022 430 1366 503 logarithmus
1403 432 1608 483 numeri
1647 399 1701 451 N
1734 406 1788 535 “lg
1826 406 1850 450 1

761 556 816 609 N
841 588 913 597 —
943 564 962 609 1

763 643 817 694 Ν
851 651 904 705 ÷
944 650 965 693 1

99 737 146 794 1,
170 735 519 783 3862943611
556 731 601 782 F
635 738 689 793 -Ι-
725 738 776 795 4,
797 737 1119 787 605170186
1149 732 1198 785 L
1227 733 1286 785 F.
1364 733 1430 803 (ὁ)
1461 731 1523 787 Si‘
1541 732 1761 785 fluidum
1788 732 1911 785 satis
1938 731 2259 802 profundum

70 854 158 908 sit
205 854 402 925 negligi
449 864 622 924 potest
677 855 927 907 terminus
978 864 1029 920 4,
1071 863 1393 913 605170186
1447 857 1496 908 L
1545 858 1616 921 F;
1674 869 1725 910 et
1776 859 1874 909 erit
1931 831 1963 875 2
2012 825 2069 962 g
2101 824 2146 875 F
2188 888 2261 896 —-

1001 590 1079 654 H,
1120 590 1339 642 altitudo
1364 601 1539 643 autem
1577 589 1838 658 descripta
1863 590 1959 642 erit

96 586 334 639 cadendo
349 587 611 658 'acquisita
636 589 734 640 erit

95 1006 143 1063 1,
170 1007 483 1055 386294611
521 1002 567 1054 F
591 1001 812 1054 altitudo
838 1002 1099 1072 descripta
1133 1002 1550 1074 quamproxime.
1629 1002 1820 1055 Patent
1845 1004 1960 1054 haec
1985 1021 2079 1071 per
2108 1002 2259 1054 Libri

94 1092 310 1143 secundi
352 1091 770 1161 Propositionem
796 1111 990 1145 nonam
1014 1104 1067 1146 et
1091 1095 1199 1164 ejus
1227 1093 1539 1158 Corollaria,
1581 1112 1647 1146 ex
1672 1094 1950 1165 hypothesi
1977 1093 2117 1164 quod
2142 1093 2258 1164 glo-

88 1182 187 1235 bus
213 1182 411 1234 nullam
438 1183 593 1235 aliam
617 1184 845 1253 patiatur
870 1183 1214 1237 resistentiam
1239 1184 1341 1236 nisi
1368 1203 1486 1254 quae
1512 1184 1679 1236 oritur
1705 1184 1770 1236 ab
1796 1182 1982 1236 inertia
2009 1183 2256 1234 materiae.

92 1272 149 1325 Si
174 1272 297 1324 vero
324 1272 476 1324 aliam
503 1273 716 1342 insuper
748 1274 1089 1326 resistentiam
1127 1273 1371 1343 patiatur,
1415 1274 1695 1326 descensus
1721 1274 1818 1326 erit
1844 1273 2059 1337 tardior,
2100 1282 2152 1325 et
2189 1291 2256 1324 ex

86 1361 436 1414 retardatione
462 1354 752 1414 innotescet
777 1363 1035 1433 quantitas
1061 1362 1215 1432 hujus
1242 1363 1563 1415 resistentiae.

162 1451 240 1503 Ut
265 1451 496 1519 corporis
523 1451 578 1501 in
603 1451 766 1503 fluido
791 1451 1022 1504 cadentis
1042 1451 1286 1504 velocitas
1314 1461 1367 1504 et
1391 1451 1673 1505 descensus
1689 1451 1889 1504 facilius
1907 1452 2252 1515 innotescant,

87 1540 355 1608 composui
396 1539 628 1591 tabulam
672 1551 991 1610 sequentem,
1045 1543 1191 1612 cujus
1243 1542 1487 1594 columna
1534 1542 1705 1611 prima
1753 1542 1968 1595 denotat
2017 1552 2255 1612 tempora

88 1624 387 1690 descensfiS,
430 1627 657 1679 secunda
683 1629 896 1681 exhibet
920 1629 1217 1683 velocitates
1252 1631 1490 1683 cadendo
1528 1632 1803 1702 acquisitas
1831 1632 2086 1685 existente
2110 1633 2252 1684 velo-

85 1717 237 1769 citate
275 1716 501 1769 maxima
546 1725 886 1783 100000000,
927 1721 1080 1772 tertia
1105 1720 1319 1774 exhibet
1346 1722 1510 1791 spatia
1536 1723 1860 1792 temporibus
1887 1723 1988 1775 illis
2016 1723 2253 1775 cadendo

83 1812 341 1881 descripta
383 1813 636 1865 existente
664 1820 695 1864 2
738 1814 781 1866 F
820 1815 986 1883 spatio
1025 1816 1166 1886 quod
1210 1835 1400 1885 corpus
1445 1827 1681 1884 tempore
1723 1814 1776 1866 G
1815 1832 1933 1865 cum
1979 1812 2251 1865 velocitate

82 1899 309 1953 maxima
338 1900 600 1965 describit,
628 1912 680 1953 et
706 1913 889 1973 quarta
915 1902 1130 1956 exhibet
1155 1905 1321 1973 spatia
1345 1904 1530 1956 iisdem
1559 1902 1882 1972 temporibus
1910 1920 2030 1952 cum
2055 1902 2246 1954 veloci-

81 2031 186 2074 tate
212 2023 438 2076 maxima
465 2024 739 2093 descripta.
817 2026 1039 2078 Numeri
1064 2026 1118 2078 in
1145 2025 1330 2097 quarta
1369 2025 1612 2078 columna
1653 2034 1774 2077 sunt
1800 1998 1832 2042 2
1863 1991 1923 2087 P,
1965 2033 2017 2075 et
2053 2024 2249 2076 subdu-

0 2169 3 2172 ’
79 2163 247 2217 cendo
272 2182 550 2218 numerum
579 2174 625 2230 1,
651 2174 899 2220 3862944
926 2199 998 2208 —
1024 2175 1074 2232 4,
1098 2175 1347 2225 6051702
1371 2168 1435 2231 L,
1465 2167 1802 2220 inveniuntur
1827 2167 2033 2218 numeri
2058 2166 2112 2216 in
2142 2176 2247 2218 ter-

0 2243 2 2245 ·
78 2254 149 2307 tia
188 2255 446 2320 columna,
488 2268 540 2309 et
563 2258 943 2328 multiplicandi
969 2271 1090 2313 sunt
1115 2261 1171 2312 hi
1196 2261 1402 2313 numeri
1425 2279 1521 2331 per
1548 2260 1774 2330 spatium
1803 2260 1846 2310 F
1872 2269 1931 2311 ut
1955 2259 2247 2311 habeantur

78 2347 244 2416 spatia
269 2349 505 2401 cadendo
531 2351 804 2420 descrIpta.
885 2352 1086 2414 Quinta
1122 2353 1204 2405 his
1241 2353 1456 2422 insuper
1494 2352 1695 2422 adjecta
1720 2361 1799 2404 est
1825 2350 2082 2414 columna,
2126 2368 2244 2420 quae

1 2450 3 2457 ¹
78 2438 308 2492 continet
351 2441 517 2510 spatia
557 2441 819 2512 descripta
854 2443 1038 2495 iisdem
1076 2445 1398 2513 temporibus
1437 2464 1468 2496 a
1505 2463 1742 2514 corpore,
1790 2443 1840 2496 vi
1876 2443 2125 2511 ponderis
2165 2442 2244 2494 sui

0 2531 2 2534 ’
76 2532 414 2599 comparativi
442 2533 505 2596 B,
536 2533 596 2602 (e)
624 2534 678 2584 in
704 2553 868 2586 vacuo
895 2535 1129 2588 cadente.

77 2675 114 2715 2,
129 2675 461 2720 30258509‘2994‚
490 2687 558 2712 seu
585 2687 654 2723 per
679 2680 983 2722 2:302585093.
1044 2677 1130 2715 Hic
1184 2677 1232 2715 lis
1261 2677 1413 2721 unitati,
1449 2677 1706 2729 logarithmus
1726 2678 1761 2716 L
1783 2676 1976 2715 evanescit
2003 2689 2121 2727 quam
2151 2689 2240 2725 pro-

77 2736 263 2763 numerus
281 2726 432 2764 dicatur
452 2728 513 2773 M,
533 2727 787 2779 logarithmus
806 2732 960 2768 numeri
976 2736 999 2768 4
1015 2730 1055 2768 in
1071 2739 1129 2769 ta·
1184 2730 1303 2769 xime.
1364 2731 1451 2776 Sed,
1476 2732 1506 2768 si
1526 2732 1708 2769 velocitas
1735 2732 1905 2768 maxima
1933 2731 2084 2768 dicatur
2115 2731 2170 2773 H,
2201 2740 2240 2770 et

79 2777 182 2815 bulis
201 2786 379 2827 sumptus
402 2781 454 2826 Q,
475 2788 513 2818 et
531 2781 788 2833 logarithmus
807 2784 923 2821 etiam
943 2784 1127 2822 tabularis
1182 2784 1363 2823 velocitas
1382 2793 1557 2834 tempore
1580 2785 1616 2823 P
1634 2797 1726 2824 casu
1745 2784 1851 2835 globi
1881 2784 2068 2834 acquisita
2100 2784 2150 2829 V,
2182 2794 2237 2822 est

75 2864 228 2901 “umeri
263 2832 377 2934 Nili
405 2837 420 2870 1
453 2864 502 2903 ⁵³⁸
530 2865 589 2913 1¹³
621 2874 660 2905 ‘³‘
690 2867 762 2906 ‘³¹³⁸
792 2869 893 2906 S=
917 2841 941 2874 2
965 2837 1127 2940 ΞΡ-
1183 2887 1253 2926 H:
1279 2887 1452 2926 v=a2
1478 2854 2235 2958 x(285)‚et1de5——}}4—‘X=2‡}

78 2947 622 3002 MQF÷2MLR
684 2953 1123 2993 Estautem2M=
1697 2990 1706 2999 .
1924 2989 1933 2998 .
2205 2991 2214 2999 .

76 3006 114 3047 4,
131 3006 381 3048 605170186,
421 3012 459 3041 et
496 3005 538 3050 Q
566 3005 607 3042 in
640 3007 781 3045 tabulis
817 3007 1041 3058 vulgaribus
1068 3017 1126 3047 est
1177 3005 1235 3026 =
1266 2990 1319 3035 N’
1354 2999 1393 3029 et
1423 2990 1581 3041 quando
1609 2999 1778 3039 spanum
1811 2990 2047 3038 descnptum
2084 2992 2111 3030 S
2144 2999 2235 3029 saus

74 3059 282 3102 o‚60206;
313 3069 381 3094 seu
400 3059 616 3097 accuratius
634 3065 672 3106 o,
691 3065 995 3107 60205999133,
1016 3060 1125 3099 ide6-
1179 3056 1368 3095 magnum
1402 3052 1470 3089 θεῖ’
1502 3044 1547 3082 fit
1577 3044 1614 3082 V
1634 3061 1691 3080 =
1728 3044 1773 3082 H
1810 3056 1928 3094 quam
1965 3042 2149 3092 proxime,
2188 3057 2234 3083 ²²⁰

74 3120 152 3158 que
188 3109 236 3146 Μ
279 3110 320 3153 Q
353 3126 411 3147 =
452 3116 485 3155 ¹2
511 3117 774 3153 3862943611
815 3115 1122 3164 quamPYOXimss·
1177 3117 1340 3178 proinde
1361 3098 1405 3135 H
1429 3098 1483 3149 Ἰ-
1509 3098 1546 3134 V
1568 3141 1638 3168 seu
1659 3129 1700 3167 N
1720 3141 1906 3167 numerus
1932 3127 2022 3167 satis
2049 3141 2230 3181 magnus,

78 3162 211 3206 Quare
239 3161 404 3201 altitudo
430 3165 467 3211 S,
498 3178 615 3217 quam
642 3167 784 3217 globus
801 3167 842 3204 in
862 3167 992 3205 medio
1012 3169 1123 3205 resis-
1363 3163 1406 3200 Η
1428 3184 1482 3193 ··-
1512 3164 1548 3200 V
1794 3215 1802 3223 ⁶

73 3252 180 3285 teme
207 3246 381 3286 cadendo
407 3256 580 3300 oempooe
609 3251 646 3292 P
674 3251 867 3299 describit,
896 3260 954 3292 est
987 3226 1011 3258 2
1037 3222 1071 3260 P
1092 3223 1125 3260 F
1178 3222 1224 3253 ut
1251 3228 1297 3253 ex
1330 3216 1505 3276 sequenti
1533 3216 1667 3255 tabula
1697 3215 1950 3254 manifestum
1981 3222 2051 3254 est.
2114 3216 2231 3255 Patet

1040 3288 1078 3325 G
1178 3280 1271 3320 ergo
1290 3277 1542 3318 propositum.

72 3354 127 3363 —
147 3337 183 3380 1,
200 3338 463 3375 3862943911
492 3335 525 3374 F
544 3337 598 3390 -Ι-
621 3342 659 3385 4,
678 3341 916 3378 605170186
938 3339 974 3377 L
998 3340 1043 3386 F,
1065 3340 1123 3379 uti

74 3386 295 3425 Newtonus
310 3387 494 3426 definivit.

127 3439 181 3492 (⁶)
204 3443 225 3464 *
248 3442 477 3492 Sifluidum
494 3444 589 3482 satis
602 3446 847 3495 profundum
865 3447 925 3492 sit,
946 3445 985 3483 id
1000 3454 1068 3492 est,
1089 3447 1122 3484 si

71 3492 236 3532 altitudo
276 3494 303 3532 S
341 3507 460 3544 quam
496 3496 637 3546 globus
672 3506 845 3547 tempore
880 3499 916 3536 P
948 3500 1122 3538 cadendo

70 3545 262 3607 dqscribit'
291 3548 382 3586 satis
401 3561 544 3599 magua
563 3549 692 3594 fuerit’
721 3551 867 3612 negligi
897 3560 1022 3613 RoteSt
1045 3560 1121 3590 ter‘
1173 3577 1327 3623 lubitu3
1363 3580 1512 3616 numeri
1541 3579 1632 3618 vero
1660 3581 1701 3617 in
1729 3580 1915 3619 columna
1941 3589 2077 3631 quarta
2094 3592 2222 3617 corre·

71 3611 202 3637 mmus
215 3605 253 3647 4’
270 3604 509 3641 605170186
525 3602 560 3640 L
579 3602 624 3641 F‘
661 3603 764 3642 cum
779 3617 883 3642 emm
895 3612 945 3642 ⁸¹¹⁴
962 3604 1121 3657 Lloga‘
1173 3631 1406 3680 spondentes
1441 3632 1624 3671 facillime
1659 3635 1916 3683 reperiuntur.
1980 3635 2082 3672 Cum
2116 3634 2222 3670 enim

2 3700 6 3730 '.
69 3684 235 3722 rithmus
253 3687 405 3725 numeri
430 3655 470 3693 N
485 3655 538 3707 ''l-
557 3658 592 3737 l,
613 3688 681 3727 ubi
702 3688 743 3726 N
761 3697 819 3728 est
832 3702 1019 3728 numerus
1032 3692 1122 3730 satis
1174 3685 1342 3733 spatium
1371 3692 1543 3734 tempore
1575 3687 1611 3724 G
1639 3687 1840 3725 velocitate
1866 3685 2038 3725 maxima
2059 3686 2103 3723 H
2132 3685 2219 3723 uni-

1232 3365 1289 3417 (e)
1313 3369 1334 3390 ³*
1358 3368 1411 3404 In
1430 3380 1550 3405 vacuo
1568 3369 1735 3406 cadente.
1798 3366 1937 3419 Hujus
1963 3367 2105 3405 tabulae
2134 3380 2226 3405 con-

1177 3418 1336 3457 structio
1364 3420 1482 3467 paulo
1501 3420 1627 3457 fusius
1654 3421 1884 3469 exponenda
1910 3420 2073 3459 videtur.
2138 3422 2225 3474 Νη,-

1175 3472 1272 3510 meri
1291 3472 1434 3522 singuli
1454 3474 1648 3511 columnae
1667 3474 1816 3522 primae,
1836 3473 1977 3525 quibus
1996 3474 2224 3522 exprimitur

1174 3525 1272 3563 ratio
1291 3526 1474 3574 temporis
1495 3526 1530 3563 P
1547 3526 1595 3564 ad
1615 3535 1769 3576 tempus
1792 3528 1844 3573 G,
1875 3535 2129 3565 assumuntur
2155 3539 2225 3575 pro

481 3722 519 3759 N
651 3774 693 3811 N
1174 3738 1349 3776 formiter
1380 3738 1612 3788 descriptum
1646 3742 1695 3778 sit
1728 3745 1752 3778 ‘2
1785 3740 1829 3785 F,
1864 3746 1902 3777 et
1934 3740 2054 3787 spatia
2083 3738 2220 3776 eadem

69 3815 248 3854 magnus,
270 3817 337 3842 seu
358 3805 424 3845 ubi
443 3818 631 3846 numerus
709 3774 762 3826 '‘l''
782 3779 800 3812 1
825 3815 881 3846 est
895 3807 976 3847 fere
991 3822 1118 3860 εφη-
1173 3790 1356 3851 uniformi
1377 3792 1575 3830 velocitate
1594 3794 1783 3855 descripta
1802 3793 2051 3854 temporibus,
2080 3794 2222 3854 quibus

706 3841 745 3878 N
1173 3843 1454 3891 descrtbuntur,
1492 3847 1792 3896 proportionalia
1824 3855 1925 3894 snit3
1965 3859 2118 3884 numeri
2155 3859 2220 3884 co-

125 3905 225 3943 vm„
254 3907 314 3945 ΙΙ.
1132 3913 1171 3957 Q.

48 4148 66 4181 3
