2502 4192
131 244 610 308 L1BERSECUND.]
669 242 1073 295 PRINCIPIA
1113 241 1732 294 MATHEMATICA.
2180 251 2284 296 289

131 384 305 439 autem
330 383 648 453 temporibus
673 383 776 436 itus
803 393 854 436 et
877 382 1072 435 reditus
1099 382 1252 434 unius
1278 381 1451 434 eundo
1487 382 1786 434 latitudines
1823 400 1942 433 suas
1981 384 2280 448 conficiunt,

127 479 229 530 hoc
254 488 346 540 est,
386 477 550 545 spatia
585 476 904 545 temporibus
929 474 1338 545 proportionalia
1371 483 1716 542 percurrunt3
1761 481 1813 525 et
1846 483 2126 541 propterea
2163 486 2284 527 sunt

129 567 483 639 aequiveloceS.

202 660 316 711 Cas·
346 666 394 709 3.
437 656 501 708 In
527 656 711 709 mediis
736 656 896 727 igitur
932 655 1187 708 densitate
1213 665 1266 707 et
1288 655 1340 708 vi
1365 655 1574 707 elastica
1611 655 1840 724 paribuS,
1880 656 2060 724 pulsus
2099 674 2279 707 omnes

128 756 249 799 sunt
284 744 637 815 aequiveloces.
662 782 664 785 -
716 745 874 806 Quod
901 745 942 795 si
967 745 1125 796 medii
1149 745 1235 796 vel
1256 744 1483 796 densitas
1510 744 1592 796 vel
1618 745 1692 795 vis
1718 745 1925 796 elastica
1960 745 2275 807 intendatur,

127 835 372 906 quoniam
397 835 472 885 vis
498 834 691 885 motrix
715 834 770 884 in
795 833 995 885 ratione
1020 834 1094 884 vis
1121 833 1362 896 elasticae,
1403 843 1454 885 et
1478 833 1693 884 materia
1716 833 1974 885 movenda
1999 834 2053 884 in
2079 834 2278 885 ratione

125 926 391 978 densitatis
437 935 658 996 augetur
672 945 686 987 3
734 924 790 993 (t)
830 934 1050 993 tempus,
1095 942 1199 994 quo
1241 933 1413 975 motus
1455 924 1614 975 iidem
1655 934 1972 995 peragantur
2015 943 2074 975 ac
2113 926 2274 993 prius,

64 1007 67 1009 ‚
124 1015 396 1086 augebitur
419 1014 474 1065 in
501 1011 859 1081 subduplicata
885 1012 1084 1064 ratione
1110 1012 1392 1075 densitatis,
1424 1030 1484 1063 ac
1509 1012 1827 1063 diminuetur
1843 1012 1896 1062 in
1914 1012 2275 1085 subduplicafffi

123 1104 321 1155 ratione
346 1102 422 1154 vis
442 1101 680 1167 elasticae.

761 1101 831 1152 Et
854 1111 1134 1170 propterea
1160 1101 1402 1153 velocitas
1429 1101 1676 1169 pulsuum
1703 1101 1801 1153 erit
1825 1102 1879 1152 in
1905 1101 2104 1153 ratione
2132 1120 2274 1153 com-

120 1191 289 1262 posita
317 1209 385 1243 ex
409 1192 608 1241 ratione
636 1189 996 1258 subduplicata
1036 1189 1299 1241 densitatis
1338 1191 1495 1241 medii
1532 1188 1734 1242 inverse
1760 1200 1812 1242 et
1848 1192 2048 1243 ratione
2075 1191 2275 1243 subdu-

970 1280 1038 1342 Q.
1068 1300 1111 1332 e.
1139 1280 1190 1333 d.

120 1281 307 1351 plicata
332 1283 408 1334 vis
435 1282 655 1333 elasticae
681 1278 891 1332 directe.

196 1371 334 1423 Haec
361 1370 894 1440 Propositiopulterius
919 1370 1118 1439 patebit
1143 1388 1207 1421 ex
1234 1370 1614 1421 constructione
1641 1371 1894 1440 sequenti.

496 1596 968 1650 PROPOSITIO
1009 1596 1225 1648 XLIX.
1305 1596 1738 1672 PROBLEMA
1778 1596 1882 1648 XI.

258 1763 418 1815 Datis
443 1762 594 1812 medii
620 1762 864 1812 densitate
890 1767 936 1810 et
962 1761 1013 1810 vz'
1037 1756 1262 1821 elastz‘cd,
1305 1756 1530 1809 invenire
1555 1760 1859 1809 velocitatem
1875 1764 2123 1826 pulsuum.

190 1922 472 1993 Fingamus
497 1918 728 1971 medium
753 1918 819 1969 ab
845 1917 1176 1969 incumbente
1200 1917 1433 1984 pondere
1459 1934 1556 1984 pro
1581 1934 1726 1967 more
1764 1916 1897 1968 a'eris
1934 1917 2096 1968 nostri
2121 1935 2266 1968 com-

111 2010 267 2080 primi
282 2030 295 2072 ς
323 1997 488 2080 sitque
515 2009 566 2060 A
593 2007 811 2059 altitudo
837 2006 995 2058 medii
1019 2005 1346 2075 homogenei,
1389 2007 1533 2076 cujus
1559 2005 1765 2073 pondus
1792 2005 2032 2075 adaequet
2056 2005 2264 2074 pondus

116 2098 436 2161 incumbenS,
466 2107 517 2149 et
537 2099 685 2166 cujus
710 2095 935 2147 densitas
963 2095 1145 2147 eadem
1171 2095 1235 2146 sit
1261 2113 1380 2146 cum
1407 2094 1661 2146 densitate
1685 2095 1844 2146 medii
1869 2097 2168 2165 compressi,
2208 2097 2263 2148 in

115 2209 219 2261 quo
254 2189 434 2260 pulsus
470 2198 840 2260 propagantur.
919 2187 1179 2240 Constitui

166 2367 220 2419 (t)
248 2369 424 2418 Tempus,
450 2381 524 2418 quo
544 2374 669 2406 motus
687 2368 802 2405 iidem
817 2374 1067 2417 peragantur,
1082 2366 1152 2405 &c-

116 2421 291 2470 Tempus
308 2434 387 2470 quo
405 2429 538 2459 motus
556 2433 623 2468 per
642 2419 807 2470 aequalia
825 2422 947 2468 spatia
965 2432 1158 2469 peragun-

110 2483 177 2513 tur
195 2482 252 2512 est
270 2474 311 2511 in
330 2474 478 2512 ratione
505 2471 721 2521 composita
739 2486 786 2510 ex
807 2472 1077 2521 subduplicata
1097 2485 1160 2510 ra-

111 2529 217 2567 tione
245 2528 414 2565 materiae
441 2526 642 2564 movendae
669 2525 813 2564 directe
832 2534 870 2563 et
888 2524 1157 2575 subduplicata

109 2581 260 2619 ratione
287 2581 344 2618 vis
371 2581 542 2618 metricis
569 2578 716 2618 inverse
738 2583 823 2639 (per
855 2580 942 2618 Cor.
961 2583 998 2618 5.
1033 2579 1150 2627 Prop.

112 2634 308 2682 XXIV.)
342 2630 510 2684 ide6que
541 2633 584 2671 in
612 2635 687 2671 hoc
714 2633 827 2670 tertio
855 2645 956 2676 casu,
985 2640 1152 2680 tempus,

109 2695 293 2725 manente
311 2686 435 2737 spatio
453 2686 655 2735 descripto,
675 2686 880 2736 augebitur
898 2686 938 2722 in
954 2685 1156 2733 subdupli-

109 2739 196 2778 cata
213 2742 359 2779 ratione
379 2739 588 2785 densitatis,
615 2753 659 2778 ac
686 2739 926 2777 diminuetur
943 2739 985 2776 in
1004 2738 1151 2776 subdu-

109 2793 251 2842 plicata
269 2793 416 2831 ratione
427 2792 485 2830 vis
501 2793 679 2838 elasficae,
700 2800 738 2829 et
757 2790 957 2841 propterea
970 2791 1152 2829 velocitas

109 2860 198 2897 quae
225 2855 283 2884 est
301 2854 345 2884 ut
363 2846 531 2895 spatium
563 2844 706 2883 directe
738 2853 777 2883 et
804 2853 956 2894 tempus
987 2843 1149 2891 inverse,

111 2902 180 2951 (ob
207 2899 345 2938 datum
375 2899 543 2949 spatium
570 2911 638 2947 per
669 2898 802 2949 Hyp.)
834 2899 906 2936 erit
936 2899 977 2935 in
1006 2897 1153 2948 ratione

110 2952 321 3001 composita
340 2965 387 2989 ex
405 2953 553 2989 ratione
571 2951 841 3000 subduplicata
858 2951 1054 2989 densitatis
1071 2963 1153 2989 me-

110 3006 164 3043 dii
182 3004 344 3051 inverse,
374 3013 413 3043 et
439 3004 589 3043 ratione
616 3004 882 3054 subduplicatfi
903 3005 959 3041 vis
986 3004 1152 3042 clasticae

111 3058 277 3106 directe3
307 3058 375 3110 sed
402 3057 501 3096 datis
527 3057 645 3095 medii
665 3058 854 3095 densitate
871 3064 911 3095 et
928 3057 962 3094 vi
983 3055 1148 3104 clasticfi,

109 3112 292 3149 velocitas
318 3112 518 3161 pulsuum,
547 3119 760 3162 utcumque
777 3111 944 3149 varietur
970 3110 1150 3158 spatium,

109 3164 198 3202 data
224 3172 289 3209 est,
322 3168 408 3216 (per
429 3165 515 3203 Cas.
544 3170 577 3203 1.
601 3171 639 3202 et
658 3164 717 3213 2.)
747 3163 839 3214 ergo
865 3163 1044 3201 velocitas
1062 3163 1149 3210 pul-

109 3230 226 3255 suum
245 3218 318 3256 erit
335 3230 485 3267 semper
502 3218 541 3254 in
555 3218 702 3255 ratione
717 3216 926 3265 composita
943 3229 989 3253 ex
1001 3216 1149 3254 ratione

109 3269 377 3319 subduplicata
404 3270 600 3308 densitatis
616 3270 735 3307 medii
761 3268 909 3308 inverse
936 3277 974 3307 et
1001 3269 1148 3307 ratione

108 3322 379 3372 subduplicata
397 3324 452 3360 vis
470 3323 634 3361 elasticae
651 3321 803 3361 directe.

163 3381 252 3415 318.
289 3377 354 3415 Ex
372 3376 445 3414 hac
468 3376 735 3425 Propositione
753 3382 857 3425 patet
875 3388 946 3413 cur
962 3375 1046 3413 soni
1065 3387 1150 3425 om·-

108 3429 169 3467 nis
186 3430 349 3480 generis,
380 3429 505 3480 gravis
524 3437 563 3466 et
580 3436 730 3475 acutus,
762 3429 937 3466 intensus
955 3436 993 3467 et
1018 3428 1152 3466 remis-

109 3494 188 3528 sus,
216 3482 299 3531 pari
324 3483 520 3521 velocitate
539 3481 579 3518 in
600 3482 734 3519 eodem
763 3482 848 3520 ae're
874 3490 1147 3532 propagentur.

110 3535 215 3573 Nam
234 3548 416 3573 sonorum
432 3535 637 3578 diversitas,
653 3535 780 3584 quoad
796 3548 911 3584 grave
925 3542 963 3572 et
974 3542 1147 3581 acutum,

107 3600 131 3625 a
150 3600 311 3626 nurnero
331 3588 516 3638 pulsuum
535 3588 602 3638 qui
620 3588 660 3624 in
680 3589 766 3625 aete
784 3595 954 3635 tempore
972 3586 1061 3624 dato
1080 3600 1148 3625 ex-

107 3640 285 3687 citantur,
323 3641 464 3690 pendet
498 3640 613 3730 5516)
632 3654 643 3687 ;
681 3648 721 3677 at
755 3643 841 3690 (per
868 3641 966 3678 hanc
1008 3639 1147 3689 Prop.)

105 3693 241 3741 pulsus
258 3694 367 3741 akiris,
390 3706 458 3732 seu
476 3707 502 3743 p
521 3706 607 3732 ures
625 3705 693 3730 seu
707 3693 909 3742 pauciores
935 3693 1026 3730 dato
1050 3701 1148 3729 tem-

106 3758 197 3794 pore
215 3746 488 3794 producantur,
518 3746 653 3783 eadem
681 3758 832 3793 semper
857 3746 1056 3783 velocitate
1074 3744 1149 3783 dif-

105 3798 327 3836 funduntur
346 3807 384 3837 et
401 3800 493 3838 dato
512 3808 686 3848 tempore
706 3798 840 3836 datum
860 3799 1029 3848 spatium
1057 3809 1148 3836 con-

159 3865 260 3905 VoL.
286 3866 347 3905 11.
1155 3867 1191 3905 T

1215 2197 1386 2239 autem
1423 2187 1740 2259 intelligatur
1772 2188 2075 2257 pendulum,
2116 2189 2262 2258 cujus

1211 2366 1372 2405 ficiunt:
1405 2366 1490 2405 soni
1506 2365 1597 2406 ver&
1613 2366 1654 2404 in
1673 2367 1810 2405 eodem
1831 2370 1916 2405 ae‘re
1936 2367 2112 2416 producti
2132 2381 2179 2406 eo
2197 2368 2260 2406 in-

1210 2420 1395 2458 tensiores
1413 2428 1515 2464 sunt,
1536 2429 1717 2458 manente
1736 2429 1841 2467 tono,
1863 2434 1942 2471 quo
1960 2422 2087 2472 majus
2102 2431 2158 2459 est
2173 2435 2257 2470 spa-

1211 2473 1310 2511 tium
1338 2473 1444 2523 quod
1470 2473 1567 2511 a'e‘ris
1597 2474 1795 2522 particulae
1827 2473 1957 2511 eundo
1990 2483 2029 2511 et
2058 2475 2256 2512 redeundo

1211 2526 1433 2565 describunt
1462 2526 1553 2563 dato
1580 2534 1777 2575 tempore;
1811 2535 1855 2564 ut
1887 2528 1916 2562 si
1947 2527 2089 2564 chorda
2108 2528 2255 2566 musica

1210 2579 1376 2618 validius
1393 2579 1581 2628 pulsetur,
1610 2580 1774 2630 majores
1793 2580 2024 2617 vibrationes
2043 2580 2133 2617 dato
2152 2589 2252 2618 tem-

1208 2646 1300 2682 pore
1318 2633 1478 2683 peragit,
1501 2634 1739 2683 majoresque
1757 2633 2015 2670 oscillationes
2042 2633 2251 2682 particula-

1208 2699 1296 2724 rum
1316 2686 1412 2723 a'e'ris
1430 2686 1582 2730 excitat,
1613 2693 1652 2723 et
1678 2699 1795 2724 sonus
1821 2686 2007 2723 intensior
2024 2686 2248 2735 percipitur,

1205 2739 1297 2777 licet
1314 2746 1430 2776 tonus
1449 2738 1553 2777 idem
1573 2746 1730 2777 maneat
1748 2747 1786 2777 et
1804 2737 1967 2788 proinde
1985 2740 2173 2788 pulsuum
2191 2739 2250 2778 la-

1204 2791 1332 2830 titudo
1364 2804 1409 2830 ac
1435 2791 1616 2830 velocitas
1642 2805 1722 2829 non
1750 2800 1960 2830 mutentur.
2024 2791 2126 2830 Cum
2154 2803 2248 2844 ergo

1204 2852 1313 2883 tanta
1331 2845 1380 2883 sit
1398 2845 1576 2883 velocitas
1607 2845 1704 2883 lucis
1723 2852 1767 2883 ut
1790 2857 1858 2894 per
1884 2846 2177 2893 atmosphaeram
2205 2846 2247 2883 in

1205 2898 1362 2936 instanti
1381 2898 1509 2949 quoad
1528 2911 1686 2936 sensum
1706 2906 1939 2949 propagetur
1958 2900 2045 2950 (per
2062 2898 2179 2936 schol.
2197 2898 2247 2937 ad

1210 2951 1328 3000 Prop.
1354 2951 1515 2989 XCVI.
1540 2952 1628 2990 Lib.
1656 2951 1714 2999 I.)
1732 2966 1743 2998 ;
1772 2952 1804 2989 si
1824 2964 1943 2990 sonus
1961 2959 1998 2988 et
2019 2950 2086 2987 lux
2106 2952 2244 2989 eodem
2276 2962 2279 2975 ³

1207 3012 1354 3053 puncto
1372 3004 1556 3053 temporis
1575 3005 1799 3048 excitentur,
1821 3004 1879 3042 uti
1897 3003 1938 3041 in
1956 3004 2146 3042 machinis
2164 3005 2243 3043 bel-

1204 3057 1287 3095 licis
1304 3056 1461 3095 flamma
1475 3066 1514 3097 et
1524 3058 1654 3108 fragor
1664 3057 1932 3106 producuntur
1942 3056 2070 3102 simul,
2084 3065 2122 3096 et
2135 3070 2242 3107 spec-

1203 3117 1305 3148 tator
1333 3111 1500 3159 spatium
1533 3123 1611 3161 quo
1642 3124 1666 3148 a
1696 3122 1854 3159 corpore
1883 3119 2084 3149 resonante
2114 3111 2244 3158 distat,

1204 3171 1434 3215 tempusque
1464 3164 1569 3216 quod
1597 3163 1697 3201 inter
1725 3163 1885 3201 luminis
1904 3171 1942 3202 et
1969 3164 2052 3201 soni
2085 3172 2242 3214 percep-

1201 3216 1326 3255 tiones
1353 3217 1565 3263 intercedit,
1593 3215 1836 3262 dimediatur,
1863 3216 1948 3254 soni
1976 3217 2155 3255 velocitas
2181 3219 2242 3255 in-

1201 3276 1383 3307 notescet.
1445 3271 1577 3322 Atque
1606 3282 1652 3307 eo
1679 3270 1796 3307 modo
1815 3270 1855 3306 in
1882 3269 1994 3307 variis
2021 3271 2243 3321 regionibus

1201 3322 1307 3361 varia
1324 3324 1521 3362 observata
1534 3332 1591 3362 est
1609 3322 1788 3360 velocitas
1805 3323 1903 3367 soni,
1924 3324 2015 3360 etin
2034 3324 2180 3374 Anglia
2195 3322 2242 3362 ea

1203 3374 1395 3413 celeritate
1411 3376 1512 3423 ferri,
1538 3376 1771 3414 Flamstedio
1788 3383 1828 3414 et
1847 3375 2020 3426 Halleyo
2031 3377 2153 3414 visum
2170 3385 2239 3421 est,

1204 3428 1282 3479 qua
1298 3428 1415 3476 pedes
1435 3429 1704 3468 Londinenscs
1722 3429 1810 3477 plus
1828 3428 1959 3467 minus
1985 3434 2098 3476 1142,
2131 3430 2241 3468 Pari·

1204 3481 1346 3519 sienses
1363 3481 1454 3520 verb
1476 3487 1589 3526 1070,
1610 3489 1781 3530 tempore
1800 3481 1941 3520 minuti
1959 3483 2077 3520 unius
2103 3495 2242 3521 secun.

1205 3534 1245 3572 di
1263 3543 1512 3583 percurreret.
1570 3535 1676 3579 Quia
1693 3532 1783 3573 ver-‹³›
1797 3535 1965 3573 densitas
1983 3545 2021 3572 et
2039 3535 2095 3572 vis
2114 3536 2242 3574 elasti-

1201 3600 1247 3626 ca
1264 3587 1360 3625 a‘e'ris
1378 3588 1419 3625 in
1434 3589 1544 3626 variis
1561 3589 1767 3626 Terrarum
1781 3588 1887 3633 locis,
1909 3588 2140 3638 diversisque
2150 3588 2243 3626 anni

1201 3641 1491 3688 tempestatibus
1526 3641 1567 3678 in
1603 3640 1738 3678 eodem
1775 3641 1862 3678 loco
1897 3649 2111 3687 mutantur,
2151 3641 2242 3680 inde

1202 3706 1360 3744 quoque
1391 3695 1533 3742 mutari
1562 3703 1712 3743 oportet
1738 3694 1822 3732 soni
1841 3693 2093 3731 velocitatem.
2156 3695 2242 3733 Diu

1203 3745 1392 3784 creditum
1411 3755 1481 3793 est,
1510 3748 1799 3785 observantibus
1820 3748 2043 3792 Mersenno,
2076 3747 2243 3785 Gassen-

1202 3799 1266 3843 do,
1307 3806 1347 3837 et
1381 3800 1628 3839 Academicis
1664 3800 1909 3846 Florentinis,
1939 3812 2079 3837 sonum
2117 3813 2243 3851 neque
