2502 4192
223 274 339 335 5266*
751 266 1332 337 PH1LosoPH1AE'
1359 282 1812 339 NATURALIS
1905 287 2087 350 [Mors.
2118 286 2370 342 comam.

220 425 492 495 propagati
513 443 621 476 sese
648 425 936 476 dilatabunt
962 425 1028 475 ad
1053 425 1229 487 latera,
1257 443 1352 493 per
1375 425 1787 493 Propositionem
1813 427 2195 494 praecedentem
2210 448 2224 489 3
2264 439 2315 479 et
2340 450 2370 480 a

223 532 440 582 corpore
467 513 557 563 illo
582 513 804 565 tremulo
832 524 1074 582 tanquam
1104 525 1282 564 centro
1309 513 1586 575 communi,
1617 514 1898 565 secundum
1929 516 2222 583 superficies
2247 535 2369 584 pro-

221 603 501 671 pemodum
530 602 807 670 sphaericas
835 612 885 653 et
912 604 1278 666 concentricas,
1317 603 1548 671 undique
1578 603 2022 672 propagabuntur.
2099 604 2258 672 Cujus
2295 606 2370 656 rei

221 691 517 759 exemplum
556 690 766 759 aliquod
803 691 1053 742 habemus
1090 691 1144 742 in
1181 691 1349 754 undis,
1391 711 1507 761 quae
1534 692 1576 743 si
1603 692 1766 762 digito
1803 692 2026 743 tremulo
2064 695 2367 758 excitentur,

218 801 324 833 non
353 782 520 832 solum
546 792 768 852 pergent
791 781 915 833 hinc
940 775 1061 833 inde
1089 768 1377 834 secundum
1400 784 1609 855 plagam
1634 794 1806 835 motus
1835 784 2000 855 digiti,
2042 787 2149 848 sed,
2178 787 2231 836 in
2257 805 2370 836 mo-

222 870 346 921 dum
374 869 688 920 circulorum
725 872 1188 934 concentriCorum,
1229 871 1448 942 digitum
1475 873 1646 924 statim
1680 873 1890 943 cingent
1913 883 1964 924 et
1988 873 2215 943 undique
2249 894 2371 943 pro-

220 958 565 1029 pagabuntur.
643 956 782 1008 Nam
806 959 1030 1028 gravitas
1057 959 1315 1010 undarum
1342 957 1549 1029 supplet
1573 960 1746 1012 locum
1772 961 1846 1011 vis
1874 961 2113 1012 elasticae.

296 1052 411 1101 Cas.
440 1056 488 1100 2.
533 1049 596 1118 (¹¹)
628 1049 788 1111 Quod
816 1050 857 1099 si
882 1049 1112 1100 medium
1137 1069 1242 1101 non
1271 1051 1336 1101 sit
1370 1051 1665 1102 elasticu'm:
1707 1052 1951 1121 quoniam
1989 1052 2096 1119 ejus
2134 1062 2305 1119 partes
2343 1072 2373 1103 a

222 1139 450 1205 corporis
478 1137 687 1189 tremuli
711 1138 943 1205 partibus
971 1139 1180 1189 vibratis
1205 1157 1399 1206 pressae
1425 1140 1731 1190 condensari
1750 1152 2031 1209 nequeunt,
2061 1141 2372 1211 propagabi-

219 1244 304 1282 tur
342 1240 511 1281 motus
550 1230 605 1279 in
641 1228 853 1279 instanti
889 1227 956 1278 ad
992 1238 1166 1296 partes
1203 1229 1293 1279 ubi
1329 1213 1566 1280 medium
1585 1228 1824 1279 facillime
1852 1228 2003 1291 cedit,
2043 1229 2145 1279 hoc
2171 1242 2266 1292 est,
2307 1231 2374 1280 ad
2448 1286 2451 1287 ⁷

219 1335 392 1391 partes
431 1342 558 1393 quas
596 1339 785 1390 corpus
822 1321 1102 1372 tremulum
1136 1321 1329 1390 alioqui
1366 1340 1552 1372 vacuas
1580 1340 1608 1371 a
1634 1330 1782 1391 tergo
1817 1319 2148 1389 relinqueret.
2226 1321 2375 1371 Idem

221 1425 297 1465 est
325 1432 471 1465 casus
499 1431 618 1464 cum
644 1431 767 1463 casu
806 1412 1038 1480 corporis
1065 1412 1118 1461 in
1143 1411 1316 1462 medio
1355 1430 1665 1481 quocunque
1702 1412 1935 1480 projecti.
2013 1412 2253 1462 Medium
2293 1431 2376 1462 ce-

222 1505 393 1556 dendo
418 1503 788 1576 projectilibus,
816 1521 922 1553 non
949 1503 1143 1553 recedit
1167 1504 1221 1554 in
1247 1503 1506 1554 infinitum
1522 1523 1535 1565 3
1565 1503 1656 1554 sed
1682 1503 1734 1553 in
1763 1503 2012 1554 circulum
2041 1503 2228 1565 eundo,
2258 1522 2377 1571 per-

221 1595 296 1664 git
322 1594 388 1644 ad
414 1594 580 1662 spatia
606 1612 722 1662 quae
749 1611 937 1660 corpus
965 1592 1209 1661 relinquit
1235 1612 1265 1642 a
1290 1603 1453 1662 tergo.
1530 1592 1698 1662 Igitur
1723 1592 1923 1660 quoties
1959 1610 2148 1658 corpus
2185 1602 2377 1642 tremu-

222 1686 329 1735 lum
356 1684 528 1754 pergit
552 1683 604 1732 in
630 1692 832 1750 partem
857 1699 1234 1750 quamcunque,
1274 1682 1505 1732 medium
1531 1680 1764 1732 cedendo
1801 1690 1984 1750 perget
2009 1698 2103 1747 per
2128 1681 2379 1730 circulum

223 1775 288 1825 ad
317 1785 491 1842 partes
518 1792 646 1842 quas
685 1790 871 1840 corpus
905 1771 1177 1841 relinquit;
1223 1781 1274 1822 et
1311 1772 1510 1841 quoties
1549 1790 1736 1840 corpus
1773 1771 2067 1842 regreditur
2104 1771 2170 1822 ad
2207 1771 2380 1821 locum

224 1864 466 1933 priorem,
495 1862 726 1913 medium
751 1861 872 1912 inde
897 1860 1175 1929 repelletur
1201 1872 1252 1912 et
1277 1861 1343 1911 ad
1368 1861 1542 1911 locum
1570 1879 1721 1912 suum
1757 1861 1986 1928 priorem
2025 1860 2226 1911 redibit.
2306 1860 2378 1910 Et

224 1951 453 2021 quamvis
481 1968 669 2017 corpus
695 1948 977 2000 tremulum
1002 1966 1108 1999 non
1135 1948 1200 1999 sit
1224 1948 1450 2010 firmum,
1491 1948 1581 1999 sed
1618 1947 1785 1998 modis
1825 1947 2065 1998 omnibus
2103 1947 2291 2008 flexile,
2337 1948 2378 1998 si

224 2054 393 2093 tamen
422 2038 782 2110 magnitudine
821 2037 1001 2088 datum
1038 2047 1259 2099 maneat,
1310 2037 1553 2106 quoniam
1590 2036 1898 2087 tremoribus
1927 2036 2030 2086 suis
2057 2036 2236 2104 nequit
2271 2055 2380 2087 me-

225 2133 367 2183 dium
394 2131 560 2182 ubivis
588 2148 791 2201 urgere,
832 2130 957 2198 quin
984 2129 1106 2180 alibi
1133 2129 1300 2180 eidem
1328 2128 1480 2180 simul
1506 2129 1682 2190 cedat3
1722 2129 1907 2179 efficiet
1932 2139 1989 2179 ut
2014 2128 2258 2190 medium,
2299 2147 2380 2178 re-

225 2223 458 2274 cedendo
484 2242 514 2272 a
538 2220 772 2288 partibus
799 2220 888 2270 ubi
912 2220 1180 2288 premitur,
1218 2230 1404 2291 pergat
1441 2239 1644 2289 semper
1669 2220 1723 2270 in
1751 2220 1931 2271 orbem
1957 2219 2024 2270 ad
2049 2229 2223 2287 partes
2263 2239 2379 2289 quae

227 2313 396 2363 eidem
422 2311 629 2362 cedunt.
708 2310 777 2372 Q.
806 2328 850 2360 e.
879 2310 929 2360 d.

302 2402 466 2451 Corol.
525 2398 934 2450 Hallucinantur
970 2400 1130 2470 igitur
1155 2402 1244 2471 qui
1271 2401 1489 2452 credunt
1525 2402 1858 2472 agitationem
1893 2402 2123 2470 partium
2154 2401 2378 2451 flammae

228 2489 294 2540 ad
309 2488 648 2557 pressionem,
675 2506 771 2556 per
790 2488 1020 2539 medium
1036 2489 1284 2551 ambiens,
1315 2489 1599 2541 secundum
1618 2490 1779 2541 lineas
1799 2499 1964 2541 rectas
1981 2488 2380 2559 propagandum

231 2577 537 2628 conducere.
604 2576 848 2629 *Debebit
886 2577 1137 2646 ejusmodi
1179 2578 1379 2645 pressio
1418 2597 1524 2629 non
1572 2579 1636 2630 ab
1686 2579 1965 2649 agitatione
2005 2577 2114 2630 sola
2158 2578 2382 2646 partium

232 2669 471 2730 flammae,
501 2668 594 2720 sed
620 2688 651 2720 a
676 2669 833 2721 totius
861 2668 1159 2720 dilatatione
1185 2670 1421 2720 derivari.

547 2941 1017 2995 PROPOSITIO
1057 2900 1264 2992 XLIV.
1342 2937 1792 2990 THEOREMA
1832 2936 2079 2989 XXXV,

236 3102 293 3153 Si
320 3118 452 3169 aqua
480 3104 534 3153 in
560 3105 755 3154 canalis
791 3103 1014 3153 cruribus
1048 3104 1222 3152 erectis
1251 3100 1302 3151 K
1332 3100 1394 3162 L,
1426 3099 1490 3151 M
1518 3100 1571 3150 N
1608 3100 1790 3150 vicibus
1828 3100 2039 3149 alternis
2069 3096 2304 3148 ascendat
2339 3103 2386 3144 et

310 3195 570 3244 descendat
586 3223 604 3252 ,·
651 3202 966 3245 construatur
999 3202 1160 3243 autem
1193 3192 1465 3258 pendulum
1507 3190 1640 3258 cujus
1683 3191 1939 3257 longitudo
1983 3190 2116 3238 inter
2147 3195 2384 3252 punctum

307 3286 636 3349 suspensionis
662 3293 710 3335 et
734 3293 953 3335 centrum
979 3283 1305 3335 oscillationis
1341 3291 1562 3350 aequetur
1586 3282 1773 3341 semissi
1805 3280 2137 3348 longitudinis
2162 3294 2307 3345 aquae
2333 3278 2385 3326 in

308 3376 480 3425 canali
497 3398 512 3424 .·
558 3377 668 3426 dico
702 3378 834 3443 quod
867 3393 1003 3444 aqua
1040 3378 1270 3427 ascendet
1305 3383 1352 3426 et
1388 3376 1642 3426 descendet
1679 3376 1851 3425 iisdem
1888 3372 2184 3440 temporibus
2217 3371 2388 3438 quihus

300 3467 573 3533 pendulum
598 3467 869 3517 oscillatur.

314 3624 721 3695 Longitudinem
748 3644 895 3694 aquae
920 3644 1166 3677 mensuro
1192 3624 1479 3676 secundum
1504 3637 1627 3675 axes
1648 3622 1837 3674 canalis
1854 3631 1906 3674 et
1926 3638 2152 3681 crurum,
2171 3617 2388 3668 eandem

247 3731 462 3765 summae
487 3712 675 3764 horum
703 3713 877 3764 axium
894 3713 1180 3782 aequand03
1208 3721 1260 3763 et
1274 3711 1617 3763 resistentiam
1635 3729 1798 3780 aquae,
1818 3727 1934 3779 quae
1951 3707 2114 3760 oritur
2133 3706 2198 3758 ab
2215 3704 2390 3757 attritu

688 3877 748 3930 (¹¹)
771 3881 791 3903 ²*
820 3880 927 3921 Quod
946 3879 978 3917 si
995 3860 1165 3916 medium
1184 3874 1415 3915 continuum
1433 3871 1484 3913 sit
1500 3879 1540 3912 et
1557 3886 1638 3912 non
1656 3872 1859 3918 ela-sticum,
1878 3869 1948 3909 &c-
