2502 4192
162 260 346 313 mez
375 237 669 322 Samma]
711 255 1113 317 PRINCIPIA
1153 255 1773 310 MATHEMATICA.

162 403 349 466 diatur,
377 410 429 454 et
453 402 650 453 interea
675 402 785 453 axis
813 402 919 471 ejus
940 421 1058 453 cum
1085 421 1181 454 axe
1209 421 1361 454 cana-

160 492 225 543 lis
252 491 536 543 coincidat:
579 492 868 544 resistentia
894 494 1002 561 ejus
1029 493 1126 544 erit
1151 491 1218 542 ad
1254 491 1359 542 vim

161 582 261 651 qua
289 592 426 633 totus
454 583 562 651 ejus
592 593 780 646 motus,
822 602 924 652 quo
962 594 1195 651 tempore
1234 602 1359 652 qua-

159 671 404 740 druplum
443 672 781 744 longitudinis
827 692 934 723 suae
975 673 1234 736 describit,
1279 674 1361 725 vel

157 762 396 833 generari
436 763 599 830 possit
637 762 717 813 vel
754 762 881 825 tolli,
927 762 981 812 in
1019 763 1217 815 ratione
1244 783 1360 833 quae

158 852 489 920 componitur
527 870 593 902 ex
630 851 829 915 ratione
858 852 904 903 E
935 852 978 903 F
1005 871 1039 922 q
1075 852 1142 903 ad
1183 853 1229 904 E
1259 855 1303 906 F
1328 874 1361 924 q

157 973 229 982 —-
252 946 284 1008 ὲ
317 942 361 994 Ρ
390 943 443 1005 Q
469 962 503 1012 q
541 942 715 1005 semel,
764 952 815 993 et
851 943 1050 995 ratione
1091 943 1138 995 E
1167 944 1211 995 F
1237 964 1270 1014 q
1297 945 1363 996 ad

84 1050 85 1054 ¹
159 1031 207 1083 E
237 1032 281 1083 F
307 1052 341 1102 q
360 1065 432 1072 —
459 1033 504 1084 P
533 1033 585 1094 Q
612 1052 646 1102 q
669 1032 766 1095 bis,
795 1043 846 1085 et
872 1034 1071 1085 ratione
1098 1034 1362 1087 densitatis

157 1121 313 1173 medii
342 1122 410 1173 ad
436 1122 747 1174 densitatem
775 1123 1010 1193 cylindri.

231 1214 394 1264 Corol.
425 1220 472 1264 3.
533 1214 725 1266 Iisdem
765 1216 962 1284 positis,
1005 1226 1055 1267 et
1082 1217 1222 1287 quod
1247 1218 1362 1268 lon-

153 1303 339 1373 gitudo
367 1304 415 1355 L
443 1304 506 1356 sit
532 1306 598 1356 ad
637 1306 983 1375 quadruplum
1025 1306 1359 1376 longitudinis

153 1393 373 1463 cylindri
399 1394 453 1445 in
478 1394 678 1445 ratione
704 1414 820 1463 quae
847 1395 1175 1463 componitur
1193 1414 1259 1446 ex
1278 1414 1335 1446 ra

153 1483 295 1535 tione
323 1484 370 1535 E
399 1484 443 1535 F
469 1504 503 1554 q
527 1516 598 1525 -—
623 1490 655 1552 ᾗ
686 1486 731 1538 Ρ
758 1487 811 1548 Q
837 1507 872 1556 q
897 1488 963 1538 ad
992 1489 1038 1539 E
1062 1488 1351 1558 Fqsemel,

153 1584 205 1626 et
239 1575 438 1626 ratione
465 1574 512 1625 E
541 1575 585 1626 F
611 1595 645 1645 q
670 1607 741 1615 —
769 1577 814 1628 P
841 1577 894 1638 Q
921 1597 954 1647 q
979 1578 1046 1628 ad
1075 1578 1121 1629 E
1151 1578 1194 1628 F
1220 1597 1253 1647 q
1278 1579 1388 1630 bis:
1430 1579 1508 1648 (¹¹¹)
1537 1579 1828 1631 resistentia
1865 1581 2087 1649 cylindri
2114 1584 2212 1634 erit
2238 1584 2305 1635 ad

152 1665 258 1717 vim
294 1663 395 1735 qua
433 1673 572 1716 totus
611 1666 720 1734 ejus
757 1676 946 1730 motus,
993 1667 1217 1719 interera
1253 1667 1379 1718 dum
1423 1668 1804 1739 longitudinem
1843 1670 1891 1721 L
1921 1670 2180 1735 describit,
2223 1675 2301 1726 vel

150 1754 263 1807 tolli
286 1754 449 1823 possit
474 1753 555 1807 vel
579 1756 832 1826 generari,
861 1765 919 1808 ut
943 1755 1167 1810 densitas
1193 1756 1353 1810 medii
1379 1756 1446 1811 ad
1472 1751 1782 1812 densitateni‘
1805 1757 2046 1830 cylindri.

1096 2012 1359 2065 Scholiast-

222 2171 288 2223 In
329 2170 428 2223 hac
482 2170 845 2240 Propositione
885 2171 1233 2225 resistentiam·
1276 2170 1696 2245 investigavimus
1746 2190 1865 2244 quae
1912 2174 2078 2224 oritur
2119 2192 2147 2223 a
2193 2170 2300 2223 sola

146 2261 504 2333 magnitudine
529 2272 840 2314 trans-versae
866 2263 1105 2315 sectionis
1125 2263 1362 2334 cylindri,
1391 2263 1627 2334 neglecta
1653 2263 1961 2315 resistentiae
1997 2272 2146 2331 parte
2183 2279 2301 2331 quae

146 2352 211 2404 ab
237 2353 539 2423 obliquitate
575 2364 812 2406 motuum
838 2355 962 2406 oriri
984 2356 1163 2423 possit.

1239 2356 1378 2407 Nam
1416 2354 1856 2425 quemadmodum
1881 2354 1936 2404 in
1966 2354 2105 2405 Casu
2130 2353 2301 2421 primo

148 2442 525 2510 Propositionis
554 2443 832 2495 XXXVI.
861 2443 1137 2513 obliquitas
1175 2454 1427 2507 motuum,
1470 2445 1656 2514 quibus
1680 2454 1855 2512 partes
1881 2461 2031 2514 aquae
2068 2443 2122 2493 in
2160 2461 2297 2504 vase,

144 2532 375 2602 undique
401 2533 784 2604 convergebant
807 2533 861 2583 in
885 2533 1118 2585 foramen
1146 2534 1193 2585 E
1222 2533 1282 2596 F,
1309 2533 1577 2602 impedivit
1603 2532 1852 2585 effluxum
1877 2551 2026 2603 aquae
2050 2532 2188 2583 illius
2204 2550 2300 2600 per

143 2621 404 2675 foramen:
438 2624 511 2675 sic
535 2625 590 2675 in
616 2623 715 2676 hac
743 2625 1121 2693 Propositione,
1150 2625 1425 2695 obliquitas
1451 2635 1704 2687 motuum,
1735 2625 1922 2694 quibus
1948 2633 2122 2693 partes
2149 2640 2298 2692 aquae

143 2712 209 2764 ab
249 2714 508 2765 anteriore
545 2714 767 2784 cylindri
803 2716 1026 2766 termino
1062 2734 1270 2783 pressae,
1325 2715 1516 2767 cedunt
1564 2714 1818 2783 pressioni
1868 2714 1934 2783 (¹¹)
1976 2723 2027 2765 et
2067 2712 2298 2782 undique

143 2801 435 2873 divergunt,
477 2803 706 2855 retardat
742 2821 923 2854 eorum
967 2804 1238 2855 transitum
1273 2822 1369 2873 per
1405 2803 1521 2855 loca
1557 2804 1613 2854 in
1650 2803 1869 2856 circuitu
1909 2802 2117 2854 termini
2160 2801 2296 2853 illius

142 2891 491 2943 antecedentis
529 2902 707 2942 versus
743 2892 1055 2960 posteriores
1091 2902 1263 2961 partes
1302 2893 1539 2963 cylindri,
1585 2893 1840 2964 efficitque
1877 2903 1936 2945 ut
1970 2892 2189 2943 fluidum
2228 2891 2296 2943 ad

141 2981 391 3050 majorem
427 2981 723 3033 distantiam
765 2992 1153 3035 commoveatur
1190 2992 1243 3036 et
1277 2983 1623 3036 resistentiam
1659 2993 1831 3055 auget,
1879 2983 1941 3052 (⁰)
1969 2983 2126 3053 idque
2151 2983 2206 3033 in
2233 2980 2292 3033 ea

197 3138 266 3192 (¹¹¹)
288 3142 310 3164 ²*
333 3141 561 3180 Resistentia
588 3141 756 3192 cylindri
773 3142 846 3180 erit
864 3142 916 3179 ad
933 3142 1022 3179 vim.
1084 3140 1190 3178 Nam

145 3193 233 3244 (per
256 3193 345 3231 Cor.
371 3198 407 3231 2.
430 3201 470 3231 et
490 3194 624 3244 Hyp.)
643 3193 856 3232 resistentia
881 3192 1047 3244 cylindri
1066 3201 1127 3231 est
1141 3193 1191 3231 ad

142 3245 222 3283 vim
240 3245 317 3297 qua
335 3253 441 3284 totus
458 3247 543 3298 ejus
560 3254 700 3293 motuS,
729 3259 807 3297 quo
825 3255 998 3296 tempore
1016 3246 1187 3296 quadru-

142 3297 255 3348 plum
274 3299 526 3349 longitudinis
551 3312 633 3337 suae
659 3300 904 3338 uniformiter
932 3300 1111 3338 describit
1129 3300 1189 3337 vel

143 3352 319 3402 generari
338 3353 457 3400 possit
475 3352 537 3390 vel
554 3353 649 3399 tolli,
678 3354 719 3390 in
737 3352 883 3391 ratione
902 3351 1115 3402 composita
1141 3366 1188 3390 ex

143 3404 292 3443 ratione
310 3404 536 3455 quadruplae
554 3406 807 3457 longitudinis
834 3406 997 3456 cylindri
1024 3405 1074 3443 ad
1101 3407 1186 3444 lon-

143 3458 361 3508 gitudinem
385 3459 419 3496 L
440 3467 478 3497 et
495 3458 643 3497 ratione
661 3459 857 3498 densitatis
875 3459 994 3497 medii
1014 3458 1062 3497 ad
1090 3459 1185 3497 den-

145 3511 297 3549 sitatem
316 3511 494 3561 cylindri,
523 3519 561 3549 et
582 3512 696 3563 (279)
718 3512 775 3551 vis
794 3512 870 3563 qua
889 3520 994 3550 totus
1021 3512 1186 3562 cylindri

143 3571 284 3607 motus,
306 3564 547 3602 intereadum
565 3564 825 3614 quadruplum
838 3564 1093 3616 longitudinis
1106 3578 1188 3603 suae

145 3616 334 3663 describit,
354 3618 530 3668 generari
548 3618 609 3655 vel
627 3617 710 3655 tolli
727 3618 856 3668 possit,
877 3628 933 3656 est
951 3618 999 3656 ad
1019 3619 1095 3655 vim
1111 3616 1189 3668 qna.

144 3670 250 3707 idem
268 3671 441 3721 ejusdem
460 3670 624 3720 cylindri
641 3679 771 3709 motus
797 3684 876 3722 quo
902 3679 1075 3719 tempore
1101 3671 1187 3708 lon-

146 3722 365 3773 gitudinem
383 3724 420 3763 L
439 3724 684 3762 uniformiter
702 3724 882 3763 describit
898 3724 960 3761 vel
977 3723 1061 3762 tolli
1072 3724 1190 3774 possit

145 3775 206 3814 vel
224 3777 410 3827 generari,
440 3777 482 3815 in
499 3776 648 3816 ratione
675 3776 825 3816 inversa
850 3785 1082 3827 temporum,
1111 3778 1189 3815 sive

146 3830 197 3868 ob
214 3829 391 3870 eamdem
416 3830 598 3884 utrinque
625 3830 857 3871 celeritatem
884 3830 927 3869 in
953 3830 1101 3870 ratione
1128 3830 1187 3868 in-

1243 3138 1354 3179 versa
1372 3141 1598 3190 spatiorum,
1617 3141 1692 3179 hoc
1711 3146 1781 3188 est,
1810 3140 1852 3178 in
1870 3140 2019 3180 ratione
2035 3140 2292 3194 longitudinis

1247 3194 1284 3232 L
1304 3194 1354 3232 ad
1371 3194 1635 3245 quadruplum
1655 3193 1912 3245 longitudinis
1931 3195 2106 3245 cylindri.
2159 3197 2291 3241 Quare

1244 3250 1311 3299 (ex
1342 3247 1473 3298 aequo)
1504 3248 1718 3285 resistentia
1749 3247 1915 3298 cylindri
1946 3258 2005 3286 est
2031 3249 2080 3286 ad
2108 3250 2187 3286 vim
2213 3248 2292 3300 qua

1243 3309 1348 3339 totus
1380 3302 1464 3351 ejus
1488 3308 1630 3346 motus,
1665 3301 1908 3339 intereadum
1936 3301 2224 3352 longitudinem
2252 3302 2290 3340 L

1243 3354 1488 3392 uniformiter
1506 3354 1685 3392 describit
1704 3354 1788 3392 tolli
1812 3355 1932 3403 possit
1950 3355 2010 3393 vel
2028 3356 2215 3407 generari,
2245 3363 2291 3395 ut

1241 3407 1407 3445 densitas
1425 3407 1544 3445 medii
1561 3407 1611 3445 ad
1629 3407 1858 3446 densitatem
1877 3408 2052 3459 cylindri.
2092 3426 2094 3429 ·

1296 3491 1355 3544 (¹²)
1390 3494 1412 3517 ¹*
1453 3493 1507 3530 Et
1546 3494 1714 3543 undique
1750 3494 1961 3543 diver-gunt.
2036 3492 2128 3532 Vid.
2166 3493 2284 3543 Prop.

1242 3546 1363 3584 XLI.
1388 3552 1426 3583 et
1445 3544 1591 3583 XLII.
1617 3541 1705 3584 Lib.
1728 3546 1858 3596 hujus.

1300 3615 1361 3667 (0)
1385 3619 1405 3639 ¹*
1429 3619 1553 3666 quue
1572 3617 1615 3654 in
1633 3614 1774 3667 edsere}
1793 3620 1952 3656 ratione.
2014 3617 2167 3655 Eodem
2182 3617 2289 3656 enim

1242 3669 1322 3707 fere
1342 3668 1459 3707 modo
1483 3676 1614 3706 motus
1639 3670 1786 3720 obliqui
1813 3672 1855 3708 in
1883 3683 1993 3720 aquae
2024 3672 2195 3719 partibus
2222 3684 2289 3709 ex-

1243 3723 1421 3768 citantur,
1450 3722 1530 3759 sive
1556 3735 1657 3772 aqua
1674 3722 1716 3760 in
1734 3723 1898 3773 planum
1922 3724 2056 3781 circuli
2080 3724 2288 3762 immotum

1242 3776 1445 3827 impingat,
1475 3775 1553 3814 sive
1566 3776 1735 3815 circulus
1752 3775 1891 3818 eadem
1909 3789 2001 3817 cum
2019 3777 2220 3817 velocitate
2245 3778 2289 3816 iu

1243 3828 1345 3882 aqua
1362 3829 1585 3882 quiescente
1596 3829 1754 3870 seratum

1181 3902 1261 3941 1²4
