2502 4192
103 293 288 354 121ssssss
315 290 585 353 smum]
641 285 1048 340 PRINCIPIA
1088 259 1707 339 MATHEMATICA.

2159 297 2260 343 149

99 451 303 504 porum,
331 440 383 484 et
406 441 685 502 propterea
711 430 1024 501 quantitates
1050 429 1281 481 materiae
1307 440 1425 480 sunt
1443 439 1500 481 ut
1518 430 1651 482 vires
1669 430 1909 482 motrices
1928 440 1980 481 et
2005 431 2256 499 quadrata

100 541 407 593 temporum,
434 523 489 574 id
515 532 608 585 est,
636 533 695 573 ut
718 522 955 591 pondera
980 531 1032 573 et
1056 521 1306 592 quadrata
1334 531 1647 590 temporum.

1724 525 1826 592 (††)
1859 522 1927 583 Q.
1957 541 2000 573 e·
2030 522 2080 573 d.

174 613 337 664 Corol.
369 618 415 662 1.
478 609 712 679 Ideoque
739 610 782 661 si
809 621 1046 678 tempora
1071 619 1193 662 sunt
1217 609 1453 680 aequalia,
1484 613 1794 680 quantitates
1820 611 2050 662 materiae
2079 611 2131 661 in
2151 610 2256 661 sin-

97 704 233 775 gulis
265 702 570 772 corporibus
597 713 750 754 erunt
775 712 833 753 ut
856 701 1107 770 pondera.

174 797 338 848 Corol.
367 801 417 846 2.

98 885 245 935 drata
269 893 581 952 temporum.

171 976 333 1026 Corol.
364 981 412 1024 3.

95 1061 346 1131 quadrata
376 1070 688 1128 temporum.

170 1152 333 1202 Corol.
361 1156 410 1200 4.

498 795 553 847 Si
580 794 815 864 pondera
841 802 961 845 sunt
985 792 1220 862 aequalia,
1251 792 1560 862 quantitates
1598 784 1829 844 ma‘teriae
1868 802 2021 844 erunt
2045 802 2103 843 ut
2129 811 2254 862 qua-

490 973 546 1024 Si
572 971 879 1041 quantitates
899 969 1131 1022 materiae
1155 979 1446 1040 aequantur,
1474 969 1711 1039 pondera
1736 979 1890 1022 erunt
1913 968 2180 1039 reciproce
2195 981 2254 1023 ut

488 1147 551 1217 (k)
593 1147 751 1201 Unde
778 1166 897 1199 cum
923 1148 1175 1218 quadrata
1211 1157 1524 1217 temporum,
1566 1148 1767 1200 caeteris
1792 1148 2024 1217 paribus,
2067 1148 2170 1199 sint
2195 1158 2252 1200 ut

93 1240 440 1312 longitudines
480 1240 856 1309 pendulorum3
899 1240 941 1291 si
968 1250 1019 1291 et
1043 1250 1279 1308 tempora
1316 1249 1368 1291 et
1406 1239 1717 1309 quantitates
1757 1240 1987 1291 materiae
2031 1240 2252 1309 aequalia

94 1343 227 1395 sunt,
259 1332 310 1401 (¹)
338 1332 572 1401 pondera
597 1342 749 1383 erunt
774 1342 831 1382 ut
855 1332 1207 1400 longitudines
1233 1331 1598 1398 pendulorum.

148 1475 236 1529 (ἢ)
275 1478 384 1518 Quod
412 1483 493 1514 erat
523 1478 877 1514 demonstrandum.
939 1476 960 1498 ⁵*
995 1473 1045 1510 ln
1072 1472 1140 1510 de·

92 1529 367 1568 monstratione
393 1530 598 1576 probatum
617 1536 674 1565 est
690 1527 794 1577 quod
814 1527 846 1563 si
874 1525 1141 1564 describantur

94 1595 205 1621 arcus
233 1580 398 1631 aequales
432 1581 473 1618 D
505 1581 551 1627 C,
590 1579 618 1617 d
643 1593 665 1618 c
700 1579 934 1629 quantitates
968 1579 1140 1616 materiae

93 1642 186 1675 sunt
203 1642 248 1672 ut
266 1633 436 1683 pondera
454 1641 492 1671 et
509 1633 695 1683 quadrata
713 1640 944 1681 temporum,
966 1639 1141 1669 sumatur

86 1689 170 1740 jam
188 1700 298 1725 arcus
315 1688 341 1724 b
359 1699 380 1724 0
393 1687 515 1737 major
530 1686 591 1723 vel
604 1685 733 1722 minor
744 1697 835 1722 arcu
854 1684 881 1722 d
899 1697 920 1722 c
939 1684 1006 1722 sed
1017 1697 1141 1734 quan-

91 1742 217 1779 titates
251 1739 422 1777 materiae
459 1746 497 1777 et
532 1738 704 1788 pondera
740 1738 922 1788 utrinque
957 1745 1140 1776 maneant

93 1795 226 1833 eadem
245 1806 333 1844 quae
359 1792 477 1842 prius,
514 1800 553 1830 et
580 1792 719 1841 pariter
736 1794 786 1829 ob
805 1791 1140 1829 isochroneitatem

93 1860 220 1886 curvae
237 1848 263 1884 b
282 1846 308 1884 d
326 1859 360 1892 c,
379 1853 533 1894 tempus
552 1845 800 1883 oscillationis
817 1858 886 1893 per
904 1847 928 1882 b
943 1857 976 1890 c,
991 1844 1139 1894 aequale

92 1902 164 1939 erit
195 1900 357 1948 tempori
389 1898 636 1937 oscillationis
663 1911 731 1947 per
758 1898 783 1935 d
802 1911 836 1943 c,
867 1895 1033 1948 ide6que
1051 1898 1137 1948 qui-

91 1966 259 2003 cumque
278 1953 355 1990 sint
373 1965 484 1990 arcus
503 1951 681 2001 descripti
700 1952 731 1989 si
749 1951 866 1988 modo
877 1958 1031 1989 maneat
1045 1965 1139 2000 pen-

92 2007 177 2045 duli
205 2006 421 2057 longitudo,
455 2005 667 2055 eademque
698 2005 747 2042 sit
773 2004 957 2054 utrinque
984 2005 1136 2054 cyclois,

92 2060 235 2109 pariter
254 2072 388 2097 verum
408 2059 480 2096 erit
497 2058 601 2108 quod
621 2058 850 2108 quantitates
864 2058 1033 2094 materiae
1051 2065 1144 2101 sunt

93 2121 139 2151 ut
157 2112 330 2162 pondera
350 2120 388 2150 et
405 2112 591 2162 quadrata
609 2119 828 2161 temporum
841 2111 1136 2149 oscillationum.

151 2166 211 2218 (Ε)
250 2168 361 2205 Unde
398 2180 488 2204 cum
525 2168 716 2215 quadrata
754 2172 966 2214 temporum
999 2167 1140 2203 coeteris

84 2221 244 2270 paribus
263 2221 334 2258 sint
354 2227 397 2258 ut
417 2221 672 2268 longitudines
685 2220 959 2268 pendulorum.
1004 2221 1023 2241 '¹'
1047 2217 1140 2255 Fin-

92 2281 207 2323 gatur
240 2272 277 2310 L
308 2271 354 2316 C,
382 2271 437 2308 10
462 2271 668 2321 inaequalia
693 2283 785 2318 esse,
820 2279 859 2309 et
885 2284 995 2308 arcus
1026 2271 1066 2309 D
1091 2272 1135 2316 C,

93 2326 120 2363 d
138 2339 159 2363 c
178 2338 257 2363 non
276 2324 377 2363 sumi
395 2324 561 2375 aequales
578 2332 625 2362 ut
642 2324 759 2372 prius,
789 2324 856 2362 sed
875 2324 1028 2370 similes,
1059 2324 1138 2361 sive

92 2377 393 2428 proportionales
420 2377 727 2428 longitudinibus
755 2377 792 2415 L
816 2378 860 2423 C,
894 2377 960 2423 lc,
991 2385 1139 2415 secetur

97 2433 139 2471 D
164 2433 196 2470 C
215 2433 256 2469 in
274 2438 400 2481 partes
419 2431 584 2481 aequales
602 2430 702 2469 inter
722 2443 774 2476 se,
804 2437 843 2468 et
869 2430 894 2467 d
914 2443 935 2468 c
954 2431 993 2467 in
1013 2438 1137 2480 partes

93 2485 247 2528 similes,
277 2486 330 2522 ita
355 2491 401 2521 ut
427 2484 475 2521 sit
505 2485 546 2522 D
569 2483 605 2521 E
633 2483 684 2521 ad
709 2483 734 2521 d
755 2497 777 2521 e
803 2491 848 2521 ut
877 2484 914 2521 L
945 2484 978 2522 C
1006 2483 1055 2521 ad
1083 2484 1137 2522 lc

94 2538 294 2588 ductisque
325 2536 609 2586 perpendiculis
639 2537 680 2574 D
702 2537 762 2582 M,
794 2537 831 2574 E
854 2537 907 2582 N,
938 2536 963 2574 d
981 2550 1033 2583 m,
1056 2550 1077 2574 e
1095 2550 1135 2583 n,

93 2592 164 2629 διο.
194 2591 315 2640 liquet
333 2603 380 2629 ex
399 2589 652 2627 similitudine
674 2589 887 2640 figurarum
915 2590 1140 2629 altitudines

95 2644 145 2682 M
162 2645 203 2682 N
222 2653 260 2682 et
277 2657 317 2681 m
336 2656 376 2690 n,
399 2643 448 2681 M
471 2644 510 2681 R
529 2651 567 2680 et
584 2656 625 2679 m
643 2656 675 2690 r,
704 2644 772 2681 &c.
796 2656 877 2681 esse
896 2643 1012 2681 etiam
1039 2644 1139 2681 inter

94 2709 135 2734 se
153 2697 194 2734 in
207 2697 356 2735 ratione
377 2697 413 2735 L
437 2697 469 2735 C
489 2696 539 2734 ad
558 2696 571 2733 l
589 2709 622 2741 c,
644 2696 863 2734 velocitates
881 2695 971 2735 ver&
998 2698 1139 2748 quibus

94 2750 499 2796 describunturarcus
530 2750 567 2788 E
591 2749 636 2796 F,
661 2750 695 2787 F
718 2750 756 2788 G
774 2758 864 2787 sunt
882 2757 928 2787 ut
949 2752 1000 2801 μ
1028 2751 1077 2788 Μ
1097 2750 1139 2788 N

93 2803 144 2842 ad
170 2807 222 2854 4!
248 2805 297 2842 M
321 2804 371 2849 R,
401 2811 439 2841 et
457 2803 672 2841 velocitates
698 2803 838 2853 quibus
869 2803 1138 2841 describuntur

94 2869 205 2894 arcus
231 2856 299 2903 ef,
333 2857 395 2908 fg
426 2864 518 2894 sunt
547 2863 593 2893 ut
621 2858 674 2907 4!
698 2856 927 2907 mnadff
952 2869 1042 2903 mr,
1071 2856 1138 2895 sed

93 2910 185 2960 quia
205 2911 253 2948 M
275 2910 313 2946 N
332 2917 371 2947 et
394 2922 433 2946 m
453 2922 491 2953 n,
515 2909 564 2946 M
588 2910 627 2947 R
645 2915 684 2947 et
701 2922 742 2946 m
760 2921 790 2955 r,
824 2916 917 2947 suut
942 2909 984 2946 in
1003 2908 1139 2947 eadem

91 2962 241 3001 ratione
259 2960 423 3013 ide6que
442 2969 480 3000 et
497 2975 630 3000 earum
648 2961 803 3007 radices,
826 2962 1003 3007 vicissim,
1034 2962 1134 3000 velo-

93 3016 188 3053 citas
207 3015 283 3066 qua
301 3015 527 3054 describitur
547 3015 584 3053 E
608 3015 642 3053 F
661 3023 718 3053 est
735 3015 785 3053 ad
803 3015 1043 3053 velocitatem
1061 3014 1139 3066 qua

93 3068 321 3108 describitur
338 3082 360 3106 e
377 3069 406 3115 f,
427 3075 473 3106 ut
491 3068 671 3106 velocitas
689 3068 767 3118 qua
784 3068 1011 3107 describitur
1047 3068 1078 3106 F
1100 3070 1139 3107 G

93 3121 144 3160 ad
161 3122 402 3161 velocitatem
420 3120 497 3172 qua
515 3121 741 3161 describitur
759 3121 780 3159 f
792 3135 820 3173 g
835 3137 846 3169 ;
876 3130 914 3160 et
932 3122 986 3160 sic
1004 3122 1139 3161 ordine

92 3183 279 3225 perpetuo
305 3175 629 3214 demonstrabitur
647 3175 864 3213 velocitates
881 3176 1023 3225 quibus
1051 3188 1138 3213 suc-

92 3229 247 3266 cessivae
274 3236 400 3277 partes
426 3227 764 3277 correspondentes
790 3229 992 3279 utriusque
1010 3241 1138 3266 curvae

91 3289 370 3330 percurruntur
382 3281 464 3319 fore
482 3294 631 3330 semper
644 3282 684 3319 in
700 3281 836 3320 eadem
849 3283 1019 3329 ratione;
1040 3290 1138 3319 tem-

92 3347 186 3383 pora
204 3332 294 3372 verb
311 3334 450 3384 quibus
468 3347 578 3372 arcus
596 3335 739 3373 similes
758 3335 1027 3373 describuntur
1045 3343 1138 3373 sunt

94 3386 234 3425 directe
252 3394 298 3425 ut
314 3386 372 3424 illi
390 3399 500 3424 arcus
512 3396 550 3424 et
563 3387 712 3426 inverse
723 3395 767 3426 ut
779 3387 996 3426 velocitates
1008 3403 1020 3435 ;
1043 3401 1136 3439 ergo

93 3452 184 3478 cum
202 3441 298 3478 ratio
316 3453 479 3478 arcuum
505 3441 884 3489 correspondentium
912 3442 962 3479 sit
988 3454 1137 3490 semper

92 3493 240 3539 eadem,
260 3506 399 3542 nempe
418 3493 515 3530 ratio
535 3493 571 3530 L
595 3493 627 3531 C
646 3493 724 3532 adl
741 3507 772 3539 c,
802 3502 847 3532 ut
864 3502 903 3532 et
920 3494 1016 3532 ratio
1034 3494 1137 3532 velo-

93 3546 254 3584 citatum
281 3547 421 3597 quibus
447 3554 722 3595 percurruntur
747 3547 805 3584 illi
833 3560 955 3594 arcus,
984 3547 1138 3598 singula

95 3600 336 3647 tempuscula
354 3600 494 3650 quibus
513 3599 780 3637 describuntur
806 3600 1004 3650 p‘articulae
1028 3613 1139 3638 arcus

97 3651 140 3689 D
163 3653 195 3689 C
215 3653 389 3691 eamdem
408 3652 597 3691 rationem
614 3653 812 3691 habebunt
829 3653 878 3691 ad
897 3653 1139 3703 tempuscula

95 3704 235 3755 quibus
248 3705 586 3754 correspondentes
603 3706 802 3755 particulae
828 3719 940 3744 arcus
959 3706 985 3744 d
1003 3720 1025 3744 c
1051 3719 1138 3755 per-

96 3766 327 3806 curruntur3
355 3756 522 3809 ide6que
551 3767 724 3808 tempora
750 3767 830 3797 tota
857 3759 1139 3797 oscillationum

93 3823 163 3860 per
197 3812 238 3850 D
262 3812 294 3851 C
323 3818 364 3851 et
388 3811 415 3850 d
433 3825 454 3851 c
485 3819 600 3850 erunt
631 3811 772 3851 directe
802 3819 848 3850 ut
879 3811 1141 3863 longitudines

97 3864 135 3903 L
157 3866 189 3904 C
209 3873 246 3904 et
265 3866 326 3910 lc,
358 3872 396 3903 et
422 3864 569 3904 inverse
597 3873 641 3904 ut
672 3865 889 3904 velocitates
919 3867 960 3903 in
988 3866 1142 3915 punctis

1195 1473 1392 1524 quibusvis
1410 1475 1798 1522 correspondentibus
1817 1487 1979 1511 arcuum
2003 1476 2042 1512 D
2064 1475 2095 1512 C
2116 1482 2154 1512 et
2173 1475 2197 1512 d
2214 1487 2248 1521 c,

1194 1526 1291 1575 puta
1309 1527 1349 1564 in
1369 1528 1523 1575 punctis
1544 1528 1689 1564 infimis
1712 1528 1743 1566 C
1763 1536 1801 1565 et
1820 1541 1852 1573 c,
1871 1528 1936 1565 sed
1951 1529 2041 1578 quia
2060 1541 2105 1565 ex
2126 1530 2248 1577 hypo-

1194 1580 1294 1617 thesi
1312 1580 1418 1630 quod
1436 1580 1606 1627 pondera
1626 1588 1716 1617 sunt
1734 1581 1897 1630 aequalia
1916 1589 1954 1618 et
1972 1581 2075 1630 quod
2094 1582 2248 1631 quanti-

1195 1639 1292 1672 tates
1310 1634 1481 1669 materiae
1500 1641 1592 1670 sunt
1611 1634 1790 1683 aequales,
1808 1633 2029 1671 velocitates
2048 1643 2140 1672 sunt
2158 1648 2248 1683 pro-

1194 1685 1428 1733 portionales
1447 1686 1639 1733 radicibus
1657 1685 1852 1735 quadratis
1880 1686 2145 1732 altitudinum,
2181 1700 2247 1724 ve-

1193 1737 1369 1776 locitates
1397 1739 1437 1775 in
1464 1738 1619 1787 punctis
1642 1740 1673 1776 C
1693 1748 1731 1776 et
1750 1753 1771 1777 0
1790 1748 1905 1776 erunt
1923 1748 1968 1777 ut
1995 1742 2047 1790 γ
2076 1742 2121 1777 Μ
2147 1741 2178 1777 C
2198 1741 2249 1778 ad

1196 1794 1249 1842 4!
1268 1804 1308 1829 m
1320 1804 1362 1830 c:
1387 1792 1456 1829 sed
1475 1805 1522 1830 ex
1542 1791 1795 1830 similitudine
1810 1806 2016 1830 curvarum
2032 1801 2070 1830 et
2084 1806 2246 1831 arcuum

1193 1852 1250 1882 est
1281 1858 1322 1882 m
1341 1858 1363 1883 0
1395 1846 1446 1883 ad
1471 1847 1521 1884 M
1543 1846 1575 1884 C
1604 1846 1703 1883 sicut
1733 1846 1787 1883 lc
1815 1846 1863 1883 ad
1893 1846 1929 1884 L
1954 1847 1999 1892 C,
2031 1860 2124 1897 ergo
2142 1847 2247 1884 velo-

1196 1898 1329 1936 citates
1359 1899 1399 1936 in
1428 1900 1582 1947 punctis
1613 1900 1645 1936 C
1681 1907 1718 1936 et
1751 1912 1771 1937 c
1804 1907 1894 1937 sunt
1921 1907 1967 1936 ut
1996 1902 2048 1950 μ
2076 1901 2112 1938 L
2136 1901 2168 1938 C
2197 1900 2249 1938 ad

1197 1954 1251 2003 V
1285 1952 1301 1989 l
1332 1964 1363 1998 c,
1411 1951 1576 2002 ideoque
1612 1960 1786 2001 tempora
1821 1953 2109 1991 oscillationum
2147 1955 2247 1992 inte-

1195 2049 1353 2089 grarum
1380 2036 1422 2075 in
1450 2040 1614 2076 arcubus
1644 2038 1685 2076 D
1709 2020 1769 2084 C,⁹
1787 2037 1814 2076 d
1832 2051 1854 2076 0
1872 2046 1987 2077 erunt
2005 2045 2050 2076 ut
2072 2007 2201 2123 αξξ
2213 2076 2246 2112 C

1317 2124 1332 2162 1
1347 2137 1369 2162 0

1194 2162 1244 2201 ad
1274 2181 1420 2251 J-l-e,
1454 2164 1560 2202 unde
1589 2162 1775 2214 quadrata
1806 2170 2026 2212 temporum
2055 2173 2170 2202 erunt
2200 2171 2246 2203 ut

1386 2216 1408 2241 0

1194 2254 1231 2292 L
1256 2256 1288 2294 C
1307 2258 1326 2279 2
1411 2255 1425 2291 l
1445 2268 1465 2292 c
1485 2257 1504 2278 2
1544 2288 1553 2295 .

1198 2312 1256 2358 —L
1275 2323 1307 2359 C
1344 2288 1394 2327 ad
1430 2321 1442 2357 l
1459 2335 1480 2358 c
1524 2300 1602 2325 sxve
1621 2294 1667 2324 ut
1687 2287 1723 2324 L
1743 2288 1775 2326 C
1794 2287 1844 2325 ad
1861 2287 1920 2334 lc,
1941 2289 2016 2326 hoc
2031 2295 2087 2326 est
2101 2296 2144 2326 ut
2157 2288 2243 2326 lon-

1191 2375 1387 2425 gitudines
1410 2373 1684 2422 pendulorum.
1749 2375 1799 2418 Q.
1824 2387 1856 2411 e.
1880 2374 1918 2412 d.

1247 2429 1296 2481 (¹)
1320 2431 1340 2453 ³*
1365 2431 1542 2467 Pondera
1562 2438 1676 2468 erunt
1706 2436 1751 2467 ut
1778 2430 2037 2475 longitudines
2058 2431 2245 2479 pendulo-

1189 2496 1293 2528 rum,
1314 2490 1350 2520 et
1367 2484 1631 2520 universaliter
1660 2480 1859 2534 quantitas
1877 2485 2048 2520 ‘materiae
2060 2486 2244 2532 pendnloe

1189 2543 1243 2574 est
1269 2543 1313 2574 ut
1338 2539 1493 2585 pondus
1520 2543 1554 2573 et
1582 2540 1816 2586 quadratum
1843 2537 2017 2584 temporis
2045 2536 2181 2574 direct&
2210 2545 2244 2574 et

1190 2591 1382 2638 longitudo
1397 2590 1559 2638 penduli
1587 2590 1746 2629 inverse.
1807 2591 1828 2612 ²*
1855 2589 1939 2626 Sint
1966 2587 2046 2625 duo
2074 2590 2245 2636 pendula

1195 2642 1235 2679 A
1255 2649 1292 2680 et
1314 2643 1362 2685 B,
1393 2656 1480 2692 quae
1507 2643 1679 2687 materia,
1710 2641 1879 2691 pondere
1900 2649 1938 2678 et
1956 2642 2243 2680 oscillationum

1191 2695 1429 2744 temporibus
1449 2695 1674 2744 discrepent,
1704 2695 1771 2733 sed
1798 2695 1956 2745 aequalis
1976 2695 2052 2732 sint
2071 2695 2242 2746 longitu-

1193 2749 1318 2795 dinis3
1358 2761 1405 2786 ex
1438 2749 1706 2794 Theoremate,
1745 2748 1815 2786 erit
1845 2749 2038 2799 quantitas
2070 2749 2273 2791 materiae,

1190 2800 1371 2851 pendulae
1390 2801 1430 2838 in
1455 2802 1492 2839 A
1513 2803 1562 2840 ad
1581 2803 1835 2853 quantitatem
1863 2802 2032 2839 materiae
2060 2802 2242 2849 pendulae

1191 2857 1234 2893 in
1264 2855 1312 2899 B,
1344 2862 1389 2893 ut
1406 2855 1561 2903 pondus
1579 2866 1618 2894 et
1636 2856 1868 2906 quadratum
1890 2856 2073 2903 temporis
2092 2855 2242 2893 oscilla-

1190 2908 1344 2946 tionum
1362 2908 1523 2956 penduli
1546 2910 1583 2947 A
1603 2909 1838 2959 conjunctim
1859 2908 1908 2945 ad
1923 2908 2074 2958 pondus
2090 2916 2128 2945 et
2146 2922 2242 2958 qua-

1192 2961 1346 2999 dratum
1365 2962 1547 3011 temporis
1575 2963 1857 3001 oscillationum
1886 2961 2045 3009 penduli
2083 2962 2118 3000 B
2148 2974 2242 2999 con-

1187 3015 1378 3066 junctim;
1408 3015 1456 3053 sit
1474 3016 1630 3053 tertium
1649 3015 1866 3065 pendulum
1886 3016 1931 3059 C,
1953 3015 2065 3064 cujus
2082 3016 2243 3053 materia

1192 3076 1232 3106 et
1250 3069 1402 3118 pondus
1428 3068 1562 3106 eadem
1590 3069 1668 3107 sint
1697 3082 1789 3107 cum
1818 3067 1979 3105 materia
2006 3076 2043 3105 et
2070 3068 2241 3117 pondere

1191 3121 1353 3170 penduli
1384 3123 1433 3167 B,
1462 3122 1612 3161 diversa
1630 3122 1719 3161 verb
1738 3123 1786 3159 sit
1803 3121 2004 3172 utriusque
2023 3121 2239 3172 longitudo,

1191 3175 1399 3226 longitudo
1410 3175 1570 3223 penduli
1582 3177 1614 3215 C
1631 3177 1701 3213 erit
1716 3175 1765 3213 ad
1780 3175 2064 3225 longitudinem
2079 3175 2242 3223 penduli

1194 3229 1231 3267 B
1247 3229 1342 3280 (sive
1358 3228 1517 3277 penduli
1533 3231 1583 3276 A,
1596 3229 1754 3278 perinde
1769 3230 1873 3266 enim
1889 3236 1945 3265 est
1960 3241 2005 3264 ex
2019 3228 2237 3277 hypothesi)

1193 3289 1239 3320 ut
1256 3281 1488 3332 quadratum
1507 3283 1689 3331 temporis
1707 3283 1748 3319 in
1766 3281 1939 3330 pendulo
1958 3282 1988 3319 C
2009 3282 2056 3319 ad
2076 3283 2241 3332 quadra-

1194 3342 1283 3373 tum
1301 3335 1485 3384 temporis
1503 3335 1542 3372 in
1562 3335 1734 3384 pendulo
1753 3336 1801 3381 B,
1823 3334 1926 3384 quod
1946 3334 2075 3385 itaque
2095 3336 2242 3386 aequale

1191 3388 1264 3426 erit
1282 3388 1468 3438 quadrato
1485 3389 1668 3437 temporis
1687 3389 1728 3426 in
1748 3388 1919 3437 pendulo
1944 3389 1987 3434 C,
2019 3402 2088 3437 per
2114 3389 2241 3439 longi-

1190 3441 1368 3480 tudinem
1384 3441 1545 3489 penduli
1556 3442 1813 3491 multiplicato
1824 3450 1862 3479 et
1876 3454 1943 3490 per
1955 3442 2240 3492 longitudinem

1189 3494 1349 3544 penduli
1372 3495 1404 3532 C
1419 3494 1565 3542 diviso;
1593 3496 1699 3533 unde
1717 3495 1911 3545 quantitas
1928 3496 2100 3532 materiae
2128 3496 2167 3531 in
2200 3497 2237 3532 A

1192 3548 1265 3585 erit
1290 3548 1340 3585 ad
1367 3548 1620 3597 quantitatem
1648 3549 1818 3586 materiae
1836 3548 1874 3585 in
1902 3549 1936 3586 B
1959 3550 2036 3586 sive
2056 3550 2095 3585 in
2119 3550 2164 3593 C,
2197 3555 2240 3585 ut

1191 3601 1345 3649 pondus
1363 3607 1402 3637 et
1419 3600 1651 3651 quadratum
1679 3602 1862 3650 temporis
1879 3602 1918 3638 in
1944 3603 1979 3638 A
2001 3602 2238 3651 conjunctim

1192 3655 1241 3692 ad
1260 3653 1412 3701 pondus
1429 3655 1471 3690 in
1494 3655 1542 3697 Β,
1575 3654 1652 3692 sive
1672 3655 1711 3692 in
1736 3655 1780 3700 C,
1810 3668 1901 3692 cum
1929 3655 2114 3704 quadrato
2142 3662 2239 3690 tem-

1191 3709 1295 3756 poris
1323 3708 1362 3743 in
1395 3708 1428 3745 C
1455 3715 1494 3744 et
1512 3707 1755 3757 longitudine
1774 3708 1933 3756 penduli
1967 3709 2001 3743 A
2033 3707 2174 3745 directe
2203 3715 2242 3743 et

1193 3759 1438 3810 longitudine
1483 3761 1644 3809 penduli
1685 3762 1717 3799 C
1753 3760 1923 3798 inverse:
1975 3759 2080 3796 unde
2120 3759 2243 3809 liquet

1195 3813 1448 3864 quantitatem
1474 3813 1645 3851 materiae
1672 3815 1714 3851 in
1745 3815 1783 3851 A
1811 3826 1892 3851 esse
1911 3811 1959 3850 ad
1986 3813 2241 3862 quantitatem

1195 3867 1364 3904 materiae
1383 3866 1423 3904 in
1446 3867 1492 3914 C,
1521 3875 1566 3906 ut
1583 3867 1737 3917 pondus
1756 3874 1794 3905 et
1810 3865 2040 3917 quadratum
2060 3865 2242 3916 temporis

1123 3935 1211 3974 K2
