2502 4192
270 327 337 372 46
807 316 1369 372 PHILOSOPI-:HAE
1409 316 1858 370 NATURALIS
1940 319 2121 384 [Mo'r.
2147 321 2394 375 CORPOR.

268 462 460 515 teribus
486 464 538 515 A
563 472 615 515 et
642 463 688 514 Β
715 463 928 515 deerant
952 472 1334 514 momentorum
1367 460 1582 512 dimidia
1607 464 1638 526 ὲ
1664 480 1694 512 a
1719 470 1770 512 et
1794 460 1821 523 ὲ
1850 461 1900 524 b,
1928 462 2024 513 fuit
2051 464 2102 514 A
2127 495 2197 503 -—
2222 470 2252 532 3¹,-
2279 485 2309 516 a
2348 466 2401 517 in

269 550 544 617 B—{b,
574 570 664 603 seu
691 552 741 602 A
769 551 1024 617 B—-ssa
1051 550 1250 612 Β--ὲ
1280 550 1315 600 b
1345 549 1395 600 A
1434 556 1486 610 -Ι-
1520 547 1689 611 ὲᾶὺς
1727 550 2206 617 etquamprimum
2242 552 2400 604 latera

265 641 318 695 vA
344 650 396 692 et
424 642 471 692 B
511 641 683 693 alteris
713 650 1096 692 momentorum
1129 639 1353 690 dimidiis
1378 648 1530 690 aucta
1555 649 1690 701 sunt,
1719 639 1889 690 evadit
1924 644 1977 691 A
2005 648 2057 702 -Ι-
2085 642 2113 704 2}
2142 641 2240 692 ain
2263 623 2309 693 Β
2338 652 2390 705 -1-

263 737 294 799 {-
313 731 347 781 b
376 748 466 781 seu
493 731 544 782 A
572 731 619 782 Β
647 738 700 792 4-
733 730 764 793 ὲ
789 749 821 781 a
847 730 892 781 Β
928 737 981 791 -ξ-
1003 732 1046 796 {-
1069 728 1105 779 b
1125 729 1177 779 A
1210 735 1263 788 ÷
1297 731 1329 795 7}
1354 747 1385 778 a
1407 728 1460 779 b.
1522 728 1607 780 De
1632 728 1732 778 hoc
1751 717 2050 798 rectangulo
2085 729 2400 783 subducatur

265 821 625 893 rectangulum
648 820 810 890 priuS,
859 817 923 887 (¹³)
951 828 1003 870 et
1037 816 1268 869 manebit
1292 835 1533 869 excessus
1559 836 1589 869 a
1617 817 1665 868 B
1699 824 1752 878 -Ι-
1784 816 1821 867 b
1849 816 1917 867 A.
1992 816 2158 887 Igitur
2182 818 2399 872 laterum

317 989 377 1040 (ὓ)
399 991 421 1014 ’¹‘
445 991 501 1028 Et
517 990 683 1028 manebit
701 1002 867 1028 eoecessus
885 1001 909 1026 a
929 990 968 1027 B
985 987 1037 1041 4-
1050 990 1071 1026 b
1091 988 1142 1025 A.
1358 987 1565 1026 momentis
1595 988 1788 1026 linearum
1822 987 1860 1026 Ο
1884 988 1937 1034 A,
1969 987 2006 1027 Ο
2029 988 2065 1026 Β
2085 987 2397 1037 proportionales,

321 1042 390 1080 1¹¹³-
423 1046 552 1082 Casus.
599 1042 657 1080 Sit
687 1041 956 1093 rectangulum
991 1042 1028 1079 O
1052 1041 1091 1078 A
1113 1041 1149 1077 B
1173 1039 1205 1078 C
1233 1040 1305 1078 sub
1357 1041 1431 1078 hoc
1449 1049 1518 1087 est,
1532 1041 1836 1091 proportionales
1853 1041 2113 1079 velocitatibus
2128 1041 2266 1090 quibus
2285 1041 2397 1079 lineae

262 1094 412 1133 duabus
439 1096 683 1133 variabilibus
721 1095 760 1134 Ο
779 1095 830 1139 A,
863 1096 900 1133 O
927 1095 962 1132 B
995 1093 1179 1132 continue
1205 1105 1304 1130 cres-
1363 1094 1400 1131 Ο
1426 1095 1472 1139 A,
1501 1094 1538 1132 O
1553 1093 1589 1132 Β
1616 1102 1802 1140 crescunt,
1822 1094 1911 1140 sive,
1931 1094 2034 1144 quod
2054 1094 2157 1131 idem
2172 1102 2237 1136 est,
2261 1094 2393 1131 celeri-

262 1149 461 1195 centibus;
507 1156 709 1186 sumantur
753 1149 845 1186 hinc
884 1147 977 1185 inde
1012 1149 1061 1185 ab
1103 1148 1142 1184 A
1179 1155 1304 1196 partes
1357 1147 1497 1184 tatibus
1529 1148 1680 1196 quibus,
1719 1147 1814 1184 dum
1846 1148 2114 1198 rectangulum
2152 1148 2188 1184 O
2221 1147 2259 1183 A
2292 1148 2324 1184 C
2358 1148 2394 1184 B

262 1201 429 1251 aequales
464 1202 502 1239 A
522 1215 554 1248 e,
585 1202 622 1239 A
641 1201 669 1248 f,
689 1209 728 1240 et
747 1197 772 1237 ὲ
803 1202 839 1239 Β
862 1207 989 1251 partes
1018 1199 1184 1250 aequales
1206 1200 1239 1237 B
1260 1213 1300 1251 g,
1357 1200 1499 1244 crescit,
1531 1200 1644 1237 lineae
1677 1202 1713 1237 A
1737 1201 1783 1246 C,
1820 1201 1855 1237 B
1889 1201 1921 1239 C
1951 1211 2168 1237 antrorsum
2203 1200 2394 1245 feruntur,

267 1254 304 1291 B
323 1255 361 1300 h,
394 1255 447 1292 ita
474 1263 526 1298 ut,
556 1254 587 1292 si
615 1268 638 1292 a
664 1263 703 1292 et
725 1255 751 1292 b
769 1254 846 1292 sint
871 1254 1102 1304 quantitates
1127 1265 1301 1290 momen.
1355 1253 1580 1303 rectangula
1602 1255 1640 1290 A
1663 1253 1695 1291 C
1719 1259 1760 1299 ><
1784 1266 1805 1290 e
1824 1254 1846 1290 f
1858 1260 1897 1291 et
1918 1254 1953 1291 B
1977 1254 2009 1291 C
2032 1260 2073 1299 ><
2097 1265 2123 1302 g
2141 1254 2181 1298 h,
2211 1261 2324 1291 erunt
2350 1261 2396 1291 ut

261 1306 313 1343 tis
344 1307 534 1345 linearum
568 1308 605 1346 Ο
629 1308 677 1351 A,
711 1307 750 1346 O
772 1308 807 1345 B
841 1307 1140 1356 proportionales
1167 1305 1215 1342 sit
1247 1319 1269 1343 e
1288 1305 1309 1343 f
1356 1304 1471 1343 lineae
1489 1306 1567 1343 illae
1590 1307 1627 1343 A
1651 1306 1697 1352 C,
1730 1306 1766 1344 Β
1792 1306 1823 1345 C
1842 1313 1880 1344 et
1897 1318 2032 1344 earum
2059 1306 2275 1344 velocitates
2301 1319 2394 1344 con-

262 1374 318 1396 =
346 1373 380 1405 a,
420 1369 460 1399 et
484 1374 514 1412 g
538 1362 567 1398 h
590 1376 647 1398 =
672 1362 721 1400 b:
775 1350 1054 1410 Compleaxitur
1079 1359 1304 1410 rectangula.
1351 1357 1532 1408 junctim.
2371 1406 2375 1409 K

1413 1412 1585 1449 Mutatio
1613 1418 1745 1450 autem
1772 1412 1895 1463 geniti
1925 1412 2138 1463 rectanguli
2170 1412 2207 1451 O
2231 1413 2268 1449 A
2301 1413 2332 1450 C
2356 1413 2392 1450 B

1356 1465 1650 1513 proportionalis
1678 1473 1735 1503 est
1768 1479 1893 1504 causae
1920 1478 2007 1515 quae
2026 1479 2111 1503 eam
2135 1465 2319 1514 producit,
2350 1478 2395 1503 ea

354 1507 394 1556 ,ᾖ
418 1523 1234 1572 »F
1355 1525 1485 1555 autem
1519 1532 1633 1556 causa
1669 1521 1734 1557 est'
1761 1527 1889 1556 motus
1925 1519 2115 1557 linearum
2152 1518 2392 1556 variabilium

351 1589 391 1633 Γ
1081 1595 1102 1611 ,-
1119 1575 1128 1583 ’
1167 1571 1173 1610 ἶ
1358 1572 1396 1608 A
1423 1572 1467 1617 C,
1491 1573 1526 1609 B
1551 1573 1582 1610 C
1611 1584 1688 1621 quo
1715 1579 1931 1609 antrorsum
1949 1572 2127 1610 feruntur
2153 1572 2249 1609 dum
2279 1571 2394 1609 lineae

375 1609 393 1632 ³
1084 1618 1123 1660 C
1359 1624 1396 1662 O
1421 1625 1470 1667 A,
1496 1625 1533 1663 O
1559 1626 1591 1662 B
1612 1633 1798 1672 crescunt,
1818 1632 1857 1663 et
1874 1625 2048 1675 quamvis
2066 1625 2160 1662 dum
2181 1621 2260 1662 illae
2278 1624 2393 1662 lineae

364 1662 400 1714 g
411 1682 940 1697 ......................................
941 1676 997 1734 ⁴⁰}-
1164 1679 1174 1730 ἐ
1358 1678 1396 1715 A
1423 1678 1466 1723 C,
1487 1678 1521 1715 B
1545 1678 1577 1716 C
1596 1685 1811 1723 moventur,
1831 1678 1983 1716 interim
2005 1678 2117 1715 lineae
2147 1679 2185 1717 Ο
2209 1682 2261 1724 A,
2294 1678 2331 1716 O
2356 1679 2392 1716 B

1355 1739 1535 1776 crescant,
1564 1730 1789 1768 incrementi
1806 1731 1923 1782 hujus
1942 1731 2049 1769 nulla
2066 1730 2240 1769 habenda
2257 1737 2315 1768 est
2331 1743 2392 1768 ra-

1353 1783 1409 1821 tio
1427 1784 1521 1821 dum
1540 1784 1753 1835 rectanguli
1772 1783 1981 1822 fluxionem
2007 1785 2084 1821 sive
2110 1785 2392 1821 incrementum

1354 1849 1513 1874 nascens
1542 1837 1837 1883 consideramus,
1866 1838 2007 1875 etenim
2025 1838 2067 1874 in
2086 1837 2168 1886 ipso
2186 1837 2303 1887 hujus
2330 1837 2389 1873 in-

1355 1890 1538 1927 crementi
1566 1890 1756 1929 nascentis
1774 1898 1861 1928 ortu
1880 1891 1956 1927 illae
1975 1891 2244 1939 producfiones
2271 1890 2390 1928 linea-

1354 1955 1442 1980 rum
1466 1944 1502 1981 Ο
1520 1944 1572 1986 A,
1590 1944 1626 1982 O
1643 1943 1678 1981 B
1698 1943 1794 1980 nihil
1812 1943 1925 1992 plane
1943 1951 2043 1986 sunt.
2066 1951 2104 1981 et
2118 1943 2205 1981 cum
2222 1944 2390 1991 primum

973 2014 983 2035 e
1020 2034 1022 2037 ,
1157 2014 1167 2040 :
1355 2003 1445 2034 sunt
1461 1996 1607 2047 aliquid
1619 1998 1702 2047 jam
1720 1997 1806 2035 aliae
1828 1997 1867 2034 A
1886 1998 1930 2041 C,
1955 1999 1988 2034 B
2013 1998 2044 2035 C
2063 1996 2250 2045 prloribus
2268 1996 2390 2046 majo-

396 2065 438 2110 ο
963 2041 1001 2103 ὁ
1043 2066 1103 2111 Α
1136 2064 1176 2113 f
1353 2061 1414 2087 res
1448 2057 1710 2095 assumuntur,
1757 2062 1850 2100 ergo
1889 2059 2132 2088 momentum
2175 2049 2390 2099 rectanguli

1358 2103 1394 2141 Ο
1419 2104 1456 2141 A
1473 2103 1505 2142 C
1529 2104 1563 2141 B
1583 2102 1661 2140 sive
1679 2103 1762 2152 ejus
1778 2103 2002 2141 mutationis
2019 2102 2288 2141 momentanea
2298 2115 2389 2140 cau-

1353 2170 1406 2202 sa,
1428 2169 1475 2194 ex
1494 2155 1605 2194 lineis
1627 2155 1665 2193 A
1681 2157 1713 2195 C
1732 2165 1770 2193 et
1791 2156 1827 2194 B
1846 2156 1878 2194 C
1898 2164 1936 2194 et
1947 2156 2210 2195 velocitatibus
2226 2155 2387 2207 quibus-

1351 2222 1442 2248 cum
1459 2210 1649 2255 feruntur,
1670 2208 1959 2247 determinanda
1977 2217 2045 2247 est.

1407 2263 1492 2300 Sint
1518 2261 1609 2299 vero
1639 2262 1862 2312 rectangula
1897 2264 1942 2299 M
1973 2264 2012 2300 N
2045 2277 2073 2301 n
2099 2275 2153 2307 m,
2187 2262 2223 2299 P
2243 2263 2282 2299 R
2311 2276 2329 2299 r
2348 2277 2386 2312 p,

1350 2328 1516 2365 quorum
1548 2314 1659 2352 lineae
1689 2316 1736 2353 M
1760 2316 1809 2359 N,
1835 2316 1870 2353 P
1892 2316 1930 2353 R
1948 2315 2025 2353 sint
2048 2314 2224 2365 aequaleS,
2260 2316 2387 2352 conci·-

1348 2370 1506 2417 piantur
1532 2368 1618 2406 aliae
1645 2368 1758 2405 lineae
1784 2368 1888 2406 hisce
1906 2369 2020 2406 etiam
2040 2368 2206 2418 aequales
2224 2381 2311 2418 quae
2338 2369 2387 2404 ab

1351 2423 1398 2460 M
1421 2423 1460 2460 N
1480 2428 1519 2460 et
1541 2420 1574 2459 P
1598 2421 1637 2459 R
1662 2421 1841 2471 profectae
1868 2429 1976 2459 motu
1996 2421 2180 2459 uniformi
2199 2430 2236 2459 et
2261 2420 2387 2469 paral-

263 2236 301 2275 Ο
321 2248 347 2285 g
365 2234 403 2272 E
424 2246 456 2279 e,
482 2234 519 2272 Ο
538 2234 563 2271 h
588 2232 620 2271 F
639 2233 665 2277 f,
696 2232 859 2270 ducatur
880 2232 914 2270 F
936 2233 985 2278 E,
1014 2246 1101 2284 quae
1125 2233 1299 2273 transibit

256 2302 324 2338 per
347 2289 378 2326 C
399 2295 587 2336 punctum
614 2298 822 2324 concursus
853 2285 1039 2324 linearum
1073 2289 1110 2325 A
1135 2290 1180 2333 C,
1206 2289 1240 2325 B
1264 2288 1297 2326 C

262 2345 329 2393 (ob
365 2340 576 2389 parallelas,
615 2347 653 2376 et
684 2339 804 2376 lineas
835 2339 896 2376 ef
923 2347 960 2376 et
991 2353 1018 2389 g
1046 2342 1070 2377 h
1107 2341 1293 2387 similiter,

264 2407 401 2443 nempe
420 2393 607 2438 bifariam,
629 2401 749 2429 sectas
768 2393 807 2428 in
832 2393 867 2428 A
884 2399 922 2429 et
945 2394 1012 2441 B).
1076 2394 1178 2431 Dico
1191 2394 1296 2444 quod

258 2461 409 2485 summa
427 2446 678 2494 trapeziorum
701 2445 737 2481 E
763 2445 793 2482 F
813 2440 869 2481 fe
888 2453 925 2482 et
946 2446 981 2482 E
1002 2446 1032 2483 F
1049 2443 1118 2496 hg
1137 2447 1293 2497 aequalis

256 2502 328 2538 erit
359 2508 555 2536 momento
583 2497 794 2547 rectanguli
827 2498 863 2534 O
888 2499 921 2534 A
950 2500 981 2536 C
1008 2501 1065 2545 133
1099 2501 1294 2538 obtinetur

256 2552 345 2591 vero
363 2552 613 2601 trapeziorum
632 2564 794 2593 summa,
821 2551 1007 2588 sumendo
1035 2552 1287 2591 differentiam
1824 2556 1881 2599 R

253 2606 564 2657 rectangulorum
587 2605 622 2642 Ο
642 2617 664 2641 e
680 2605 716 2642 E
737 2605 785 2647 G,
811 2603 848 2641 O
862 2604 882 2640 f
900 2604 931 2641 F
953 2605 1008 2647 H,
1030 2619 1116 2655 qur-n
1136 2615 1191 2643 est
1215 2608 1251 2645 O
1271 2607 1294 2644 f
1315 2589 1364 2635 Ν
1688 2603 1729 2636 Π
1826 2621 1882 2662 R

257 2676 298 2717 ><
334 2669 803 2718 Oh-Oexog,
837 2670 916 2706 sive
951 2671 1280 2722 OA÷At·><

259 2736 354 2773 OB
385 2736 437 2787 -l—
471 2735 1281 2787 Bh--OA--AexOB—Bg,

253 2787 791 2834 etvocandoOA,A;OB
824 2789 1282 2840 B;Af=Ae={a‚

263 2843 292 2878 Β
329 2843 355 2878 h
392 2858 448 2877 =
490 2841 524 2878 B
561 2853 588 2891 g
623 2858 679 2877 =
716 2841 742 2891 ἦ
840 2841 1053 2880 differentia
1085 2851 1173 2880 rect.
1215 2843 1286 2880 erit

794 2815 804 2833 2

778 2843 803 2878 b

258 2907 485 2956 Α-ὶ-ὲα
613 2908 795 2959 Β-ἱ-ὲ

826 2911 849 2945 b
885 2931 938 2937 —
978 2913 1014 2945 Α
1044 2928 1096 2937 -
1126 2908 1151 2934 ὲ
1179 2921 1202 2944 a
1242 2912 1282 2953 ><

262 2936 1367 3023 Β-ὲυ-τᾼΒ-μὲαΒ-μὲῡᾼᾷ-ὲανᾏῑ
1699 2954 1763 2990 m
1886 2951 1937 2997 P
2280 2955 2322 3001 P

257 3025 429 3061 -AB
459 3025 512 3076 4-
543 3023 610 3075 {a
689 3023 1172 3077 ÷{bA-—;¹,-ab=
1201 3037 1223 3061 a
1255 3025 1289 3061 B

259 3078 311 3130 ÷
330 3079 354 3114 b
377 3078 427 3114 A.
1350 3082 1427 3121 lelo
1459 3084 1670 3121 secundum
1699 3084 1818 3123 lineas
1839 3086 1886 3123 M
1904 3099 1944 3122 m
1965 3094 2002 3124 et
2024 3087 2059 3125 P
2076 3101 2101 3137 p
2120 3088 2301 3133 ferantur,
2331 3087 2384 3125 ita

315 3131 371 3168 Ut
389 3129 478 3168 vero
495 3131 675 3178 probetur
691 3143 882 3168 summam
902 3139 977 3169 tra·
1201 3151 1266 3195 X
1350 3144 1396 3174 ut
1413 3136 1548 3174 eodem
1566 3145 1737 3186 tempore
1750 3138 1798 3176 ad
1818 3151 1857 3175 m
1879 3152 1903 3175 n
1923 3147 1961 3176 et
1977 3152 2003 3188 p
2017 3152 2037 3176 r
2050 3141 2284 3189 perveniant,
2302 3153 2383 3177 rna-
2438 3156 2443 3157 ⁷

258 3184 453 3232 peziorum
485 3184 521 3221 E
544 3183 577 3221 F
606 3197 627 3221 e
652 3184 674 3221 f
705 3191 743 3221 et
777 3185 814 3222 E
846 3185 879 3222 F
905 3198 932 3236 g
949 3187 976 3222 h
1112 3192 1152 3234 Ζ
1352 3189 1537 3227 nifestum
1564 3197 1620 3227 est
1649 3195 1735 3242 (per
1751 3195 1784 3228 1.
1803 3190 1855 3229 6³·
1879 3191 2029 3241 Elem.)
2057 3206 2163 3230 areas
2184 3194 2228 3230 M
2251 3205 2288 3237 n,
2313 3193 2347 3230 P
2364 3206 2383 3229 r

260 3237 445 3286 aequalem
465 3249 545 3273 esse
559 3244 756 3275 momento
775 3246 975 3287 rectangu-
1019 3230 1061 3273 T
1352 3241 1435 3279 fore
1465 3249 1511 3279 ut
1541 3242 1653 3280 lineae
1686 3244 1733 3280 M
1751 3238 1906 3292 m‚P'p,
1940 3252 1979 3281 et
2005 3246 2144 3293 pariter
2168 3246 2383 3284 velocitates

259 3289 287 3326 li
311 3290 347 3327 O
369 3290 403 3326 A
424 3290 455 3327 C
475 3290 521 3331 Β.
543 3290 820 3327 observandum
835 3289 971 3339 primo.
1353 3294 1541 3332 linearum
1557 3298 1604 3332 ab
1625 3296 1672 3333 M
1690 3297 1730 3333 N
1749 3305 1787 3334 et
1808 3297 1842 3334 P
1861 3297 1898 3334 R
1917 3297 2171 3346 prosectarum
2191 3299 2230 3335 in
2250 3299 2383 3336 eadem

265 3340 383 3387 Quod
402 3341 432 3378 si
453 3342 564 3379 lineae
584 3343 727 3391 quaevis
748 3344 774 3381 S
792 3344 839 3389 T,
863 3344 901 3381 V
918 3345 973 3390 X,
1355 3348 1435 3385 fore
1463 3348 1609 3386 ratione
1627 3348 1788 3399 ide6que
1806 3362 1911 3388 areas
1932 3351 1977 3387 M
1998 3363 2036 3396 n,
2061 3351 2096 3388 P
2113 3364 2144 3397 r,
2164 3352 2246 3389 fore
2263 3351 2303 3388 in
2322 3364 2383 3388 ra-

261 3404 473 3445 utcumque
508 3395 724 3444 inaequalea
764 3397 804 3433 in
833 3397 972 3435 lineam
1352 3400 1457 3437 tione
1475 3413 1608 3438 earum
1625 3401 1882 3440 velocitatum.
1916 3449 1919 3451 ⁴
1945 3403 2065 3447 Quod
2081 3404 2112 3441 si
2132 3404 2242 3441 lineae
2266 3405 2304 3441 N
2319 3404 2381 3450 M,

265 3449 292 3486 S
313 3448 351 3485 V
378 3448 454 3484 sint
480 3448 810 3496 perpendiculares
830 3450 975 3501 junga-
1359 3453 1392 3490 P
1417 3454 1455 3491 R
1481 3454 1557 3491 sint
1584 3454 1804 3504 inaequales,
1837 3468 1934 3493 areae
1962 3464 2076 3494 erunt
2103 3464 2147 3495 ut
2173 3457 2285 3494 lineae
2304 3457 2382 3494 illae

260 3509 399 3551 turque
433 3501 470 3538 T
489 3501 546 3547 X,
575 3508 613 3538 et
640 3501 681 3538 in
709 3501 837 3540 medio
864 3503 976 3541 lineae
1354 3507 1401 3543 M
1419 3507 1472 3551 N,
1506 3506 1541 3544 P
1563 3507 1602 3544 R
1628 3514 1667 3544 et
1684 3520 1816 3545 earum
1835 3508 2051 3547 velocitates
2068 3510 2314 3559 conjunctim.
2344 3517 2383 3548 et

264 3555 290 3593 S
306 3555 343 3591 V
356 3555 524 3603 erigatur
536 3553 859 3602 perpendicularis
874 3557 910 3594 Y
927 3557 970 3600 Z,
1352 3558 1495 3608 quaevis
1523 3559 1759 3597 incrementa
1786 3561 2097 3611 rectangulorum
2138 3563 2175 3599 N
2204 3563 2252 3599 M
2280 3574 2320 3599 m
2340 3575 2379 3606 n.

259 3608 331 3645 erit
361 3607 570 3656 trapezium
605 3607 631 3644 S
653 3607 688 3644 T
710 3607 751 3648 X
778 3608 809 3643 V
828 3610 974 3658 aequale
1028 3608 1064 3653 S
1114 3609 1169 3654 Y
1208 3606 1273 3656 'V
1357 3612 1393 3649 P
1420 3613 1454 3649 R,
1471 3624 1490 3648 r
1507 3625 1533 3660 p
1563 3612 1699 3662 aequali
1718 3623 1888 3662 tempore
1906 3614 2005 3651 facta
2023 3614 2064 3651 in
2084 3614 2216 3652 eadem
2235 3615 2381 3652 ratione

259 3659 484 3710 rectangulo
516 3660 541 3697 S
563 3659 601 3695 V
622 3664 663 3704 ><
690 3659 726 3696 Y
747 3661 801 3697 Z:
843 3662 972 3712 itaque
1355 3673 1479 3708 erunt,
1504 3664 1666 3715 ide6que
1685 3673 1722 3703 et
1739 3667 1934 3704 nascentia
1945 3666 2178 3705 incrementa
2203 3675 2315 3705 erunt
2341 3667 2382 3704 in

261 3714 473 3761 trapezium
502 3712 539 3749 E
564 3711 596 3749 F
622 3714 646 3751 f
658 3723 681 3750 e
701 3712 773 3749 erit
790 3714 936 3762 aequale
954 3715 1180 3767 rectangulo
1203 3714 1237 3752 A
1264 3715 1295 3752 C
1350 3716 1395 3754 ea
1414 3719 1571 3755 ratione.
1630 3718 1745 3756 Unde
1775 3720 1928 3757 tandem
1949 3719 2120 3767 sequitur
2138 3720 2240 3769 quod
2260 3721 2381 3757 incre-

267 3771 307 3810 ><
332 3778 353 3803 e
370 3765 397 3809 f,
419 3773 457 3803 et
475 3766 685 3814 trapezium
706 3765 743 3803 E
767 3765 799 3803 F
815 3767 843 3804 h
862 3780 890 3819 g
908 3769 1054 3817 aequale
1073 3768 1297 3817 1·ectangulo
1350 3778 1524 3806 mentum
1553 3771 1766 3820 reetanguli
1800 3772 1837 3809 Ο
1861 3774 1898 3808 A
1933 3772 1965 3810 C
1989 3772 2024 3811 B
2054 3785 2098 3809 cx
2130 3781 2237 3809 motu
2270 3773 2382 3809 linea·

267 3818 302 3856 B
326 3819 356 3857 C
380 3824 420 3865 ><
443 3831 471 3870 g
488 3820 527 3856 h.
591 3818 780 3857 Praeterea
798 3819 978 3869 quoniam
1000 3821 1061 3859 ef
1074 3830 1112 3858 et
1129 3823 1191 3873 gh
1207 3829 1297 3858 sunt
1354 3823 1391 3859 A
1417 3823 1449 3861 C
1469 3831 1618 3870 natum,
1650 3830 1710 3861 est
1725 3831 1770 3862 ut
1787 3824 1854 3862 illa
1872 3824 1973 3861 linea
1996 3827 2030 3863 A
2056 3825 2088 3862 C
2115 3833 2152 3863 ct
2180 3825 2262 3876 ejus
2281 3824 2381 3862 velo·
2430 3860 2432 3863 .
