2502 4192
804 274 1372 330 PHILOSOPHIAE
1413 272 1866 327 NATURALIS
1963 275 2412 341 [Mor.CoRPoR.

264 283 366 330 220

261 420 474 492 aequalis
513 430 589 473 est
630 419 851 490 ponderi
887 419 1185 490 cylindricae
1224 418 1481 470 columnae
1518 436 1682 487 aquae,
1726 419 1869 487 cujus
1899 420 2035 473 basis
2070 431 2148 473 est
2180 421 2414 474 foramen

264 514 312 566 E
342 514 401 576 F,
431 522 483 565 et
508 513 727 564 altitudo
754 518 785 562 2
816 511 869 564 G
896 512 923 563 I
951 511 1028 562 vel
1059 517 1091 562 2
1117 511 1162 563 C
1193 511 1262 562 K.
1322 510 1460 562 Nam
1480 528 1614 580 aqua
1640 510 1870 575 exiliens,
1891 531 1994 582 quo
2021 525 2252 583 tempore
2277 514 2414 565 hanc

260 604 555 656 columnam
598 611 783 671 aequat,
829 601 1062 670 pondere
1106 620 1201 653 suo
1241 601 1307 653 ab
1353 601 1626 654 altitudine
1666 602 1720 654 G
1746 603 1774 654 I
1813 603 2049 657 cadendo
2086 605 2411 658 velocitatem

258 713 419 758 suam,
449 693 551 764 qua
579 693 739 756 exilit,
769 692 1035 762 acquirere
1059 701 1248 761 potest.

332 786 494 836 Corol.
525 791 572 834 3.
632 782 846 834 Pondus
874 800 1023 851 aquae
1048 781 1204 833 totius
1227 781 1283 831 in
1307 798 1425 832 vase

258 873 310 924 A
337 872 383 923 B
411 872 467 923 D
497 871 542 922 C
571 882 649 923 est
673 871 740 922 ad
764 869 1010 939 ponderis
1045 880 1264 939 partem,
1306 889 1424 940 quae

255 965 310 1015 in
336 962 605 1013 defluxum
631 980 780 1031 aquae
806 961 1139 1029 impenditur,
1186 970 1244 1012 ut
1284 980 1420 1012 sum-

253 1072 340 1104 ma
376 1052 688 1104 circulorum
715 1052 767 1103 A
794 1051 840 1103 Β
867 1060 918 1103 et
945 1050 992 1102 E
1022 1050 1066 1102 F
1100 1052 1167 1103 ad
1204 1051 1423 1120 duplum

254 1144 507 1195 circulum
551 1144 597 1195 E
639 1143 698 1195 F.
778 1143 857 1195 Sit
900 1142 1039 1193 enim
1081 1141 1109 1193 I
1151 1141 1202 1194 O
1251 1142 1423 1193 media

251 1233 654 1303 proportionalis
675 1234 809 1284 inter
837 1233 864 1284 I
888 1232 949 1284 H
974 1244 1025 1284 et
1051 1232 1078 1284 I
1102 1231 1155 1284 G
1169 1252 1183 1294 3
1211 1241 1265 1284 et·
1287 1251 1422 1302 aqua

250 1340 345 1390 per
381 1321 616 1372 foramen
661 1321 709 1372 E
738 1320 783 1371 F
821 1321 1108 1389 egrediens,
1155 1339 1259 1391 quo
1291 1330 1422 1374 tem-

248 1429 378 1480 pore
402 1421 552 1482 gutta
578 1411 814 1462 cadendo
840 1412 906 1463 ab
933 1412 960 1463 I
989 1412 1281 1464 describere
1299 1430 1420 1481 pos-

252 1510 331 1553 set
370 1501 700 1553 altitudinem
727 1500 754 1553 I
784 1501 854 1565 G,
894 1503 1108 1572 aequalis
1136 1502 1232 1554 erit
1258 1502 1421 1572 cylin-

1602 834 2291 849 ...................................................

1572 1541 1615 1589 C
1815 1534 2057 1589 EWF
2299 1545 2355 1591 D

205 1649 207 1651 ,
249 1594 346 1644 dro
372 1595 516 1663 cujus
544 1594 680 1645 basis
707 1604 784 1646 est
810 1594 1032 1645 circulus
1074 1595 1121 1646 E
1153 1594 1196 1646 F
1228 1603 1279 1646 et
1304 1594 1418 1645 alti-

249 1683 378 1733 tudo
404 1693 481 1733 est
507 1690 539 1733 2
568 1683 595 1734 I
625 1683 695 1745 G,
739 1683 789 1734 id
819 1693 912 1745 est,
959 1683 1196 1754 cylindro
1239 1684 1382 1752 cujus
1426 1681 1564 1734 basis
1604 1690 1681 1733 est
1706 1681 1928 1732 circulus
1956 1682 2007 1733 A
2037 1682 2084 1733 B
2111 1692 2161 1734 et
2187 1683 2405 1735 altitudo

248 1782 327 1822 est
353 1778 385 1821 2
414 1772 441 1823 Ι
476 1772 543 1834 Ο,
586 1773 647 1840 (e)
675 1790 796 1822 nam
834 1772 1056 1824 circulus
1085 1772 1133 1823 E
1161 1772 1205 1823 F
1232 1781 1308 1824 est
1337 1771 1405 1823 ad
1432 1770 1683 1823 circulum
1709 1771 1760 1824 A
1787 1770 1834 1822 Β
1860 1771 1914 1820 in
1942 1770 2297 1839 subduplicata
2325 1791 2405 1823 ra·-

248 1862 388 1913 tione
415 1861 700 1913 altitudinis
728 1862 755 1912 Ι
787 1861 847 1913 H
873 1862 940 1912 ad
965 1861 1291 1913 altitudinem
1317 1861 1345 1912 I
1374 1860 1444 1924 G,
1471 1860 1573 1911 hoc
1590 1869 1684 1922 est,
1723 1859 1784 1912 in,
1817 1858 2038 1927 simplici
2069 1859 2268 1910 ratione
2294 1879 2403 1912 me-

248 1952 350 2003 diae
376 1952 780 2021 proportionalis
810 1952 836 2004 I
866 1952 916 2005 O
942 1953 1010 2004 ad
1036 1952 1361 2004 altitudinem
1388 1952 1415 2003 I
1445 1951 1496 2004 G
1515 1970 1544 2002 :-
1567 1959 1619 2002 et
1646 1968 1749 2020 quo
1775 1959 2011 2018 tempore
2036 1959 2183 2020 gutta
2210 1951 2402 2004 caden-

247 2043 315 2094 do
341 2044 407 2095 ab
436 2045 462 2096 I
490 2045 782 2097 describere
807 2054 978 2113 potest
1004 2044 1328 2096 altitudinem
1356 2044 1383 2095 I
1411 2042 1489 2106 H,
1519 2060 1653 2111 aqua
1677 2040 1949 2112 egrediens
1977 2038 2032 2108 (f)
2060 2041 2273 2110 aequalis
2303 2042 2401 2093 erit

246 2135 482 2205 cylindro
521 2137 664 2205 cujus
702 2136 840 2187 basis
866 2146 945 2188 est
971 2136 1192 2188 circulus
1220 2136 1270 2187 A
1300 2135 1346 2186 B
1373 2144 1425 2185 et
1448 2133 1666 2185 altitudo
1693 2142 1770 2185 est
1796 2139 1828 2183 2
1857 2132 1884 2183 Ι
1914 2132 2007 2184 H:
2048 2142 2099 2183 et
2125 2152 2228 2201 quo
2267 2143 2397 2184 tem-

243 2242 373 2293 pore
415 2233 564 2295 gutta
601 2225 837 2277 cadendo
871 2225 936 2276 ab
965 2226 991 2276 I
1017 2244 1112 2294 per
1141 2225 1202 2277 H
1228 2225 1295 2276 ad
1324 2224 1377 2276 G
1402 2223 1649 2275 describit
1685 2221 2014 2274 altitudinum
2054 2221 2397 2273 differentiam

247 2313 309 2364 H
338 2312 408 2376 G,
437 2332 571 2383 aqua
596 2313 885 2385 egrediens,
917 2315 980 2384 (g)
998 2314 1051 2366 id
1078 2324 1170 2377 est,
1199 2334 1333 2385 aqua
1358 2323 1466 2366 tota
1490 2313 1545 2364 in
1571 2312 1738 2364 solido
1767 2313 1816 2365 A
1846 2312 1893 2365 Β
1920 2312 1974 2364 N
1997 2312 2041 2363 F
2062 2312 2110 2364 E
2133 2312 2198 2365 M
2223 2332 2398 2383 aequa-

244 2479 418 2521 moffisss’
472 2481 565 2521 Jam
584 2480 675 2520 ver&
692 2482 810 2534 hujus
832 2483 921 2522 Cor.
942 2487 978 2521 2.
1002 2482 1294 2522 demonstratio-
1348 2483 1513 2521 altitudo
1536 2483 1574 2522 G
1589 2483 1627 2529 Ι,
1648 2489 1705 2521 est
1723 2481 1773 2521 ad
1791 2481 1869 2521 vim
1889 2481 1966 2534 qua
1984 2489 2089 2521 totus
2106 2495 2217 2534 aquae
2236 2482 2396 2521 exilien-

245 2548 338 2574 nem
364 2534 543 2573 dedimus
572 2536 732 2587 (274.);
766 2537 894 2584 aliam,
925 2549 1043 2588 quam
1079 2539 1296 2575 Newtonus
1348 2538 1397 2575 tis
1414 2544 1544 2574 motus
1573 2536 1747 2588 generari
1779 2545 1903 2585 potest
1928 2545 1974 2574 ut
1996 2541 2012 2574 1
2037 2536 2086 2574 ad
2106 2541 2142 2582 2,
2173 2543 2212 2574 et
2230 2535 2396 2584 proinde

244 2589 401 2634 indicat,
435 2597 697 2637 exposuerunt
719 2590 860 2628 Comes
893 2592 1076 2629 Riccatus
1103 2592 1145 2629 in
1172 2591 1296 2629 citatis
1348 2591 1431 2628 haec
1450 2590 1505 2627 vis
1523 2590 1681 2640 aequalis
1700 2597 1756 2627 est
1773 2590 1934 2638 ponderi
1953 2590 2173 2640 cylindricae
2200 2590 2395 2627 columnae

247 2642 622 2689 Exci-citationibus,⁴
644 2651 683 2681 et
712 2643 948 2682 Eustachius
975 2644 1223 2683 Manfredius
1248 2645 1291 2681 in
1344 2656 1454 2694 aquae
1481 2644 1593 2694 cujus
1623 2643 1721 2681 basis
1753 2651 1792 2681 et
1818 2644 1990 2681 foramen
2020 2644 2058 2681 E
2092 2643 2125 2681 F
2152 2650 2191 2681 et
2228 2641 2395 2681 altitudo

248 2696 578 2735 Adnotationibus
597 2695 647 2734 ad
664 2710 747 2746 cap.
775 2701 810 2735 1.
837 2697 1040 2736 Tractatfis
1063 2697 1292 2737 Guilelmini
1349 2703 1374 2736 2
1397 2697 1435 2735 G
1456 2696 1492 2735 I.
1553 2698 1604 2741 Q.
1628 2709 1661 2734 e.
1684 2696 1721 2734 d.

244 2750 293 2788 de
308 2751 459 2788 Natura
474 2749 705 2788 Fluminum
717 2750 840 2802 (quod
853 2751 1193 2804 praeclarum-opus
1206 2758 1293 2800 post
1400 2750 1457 2802 (ε)
1480 2753 1501 2774 ²*
1520 2752 1628 2789 Nam
1646 2751 1812 2789 circulus
1826 2751 1866 2788 E
1881 2752 1923 2789 F
1936 2757 1989 2788 est
2004 2753 2054 2788 ad
2073 2752 2267 2790 circulum
2283 2751 2323 2788 A
2339 2753 2391 2795 B,

244 2805 323 2842 fata
345 2802 489 2841 summi
516 2803 599 2849 viri,
629 2803 770 2842 claris&
793 2804 929 2843 fratres
951 2805 1110 2843 Gabriel
1137 2812 1175 2843 et
1205 2806 1291 2842 He-

244 2858 401 2896 raclitus
422 2856 632 2895 Manfredi.
655 2870 716 2896 an.
741 2861 852 2897 1739.
889 2859 1081 2896 Bononiae
1100 2859 1162 2896 edi
1181 2871 1292 2897 cura-

244 2911 371 2960 runt.)
431 2911 726 2949 Demonstratio
752 2912 806 2949 sic
832 2918 958 2961 potest
984 2912 1137 2962 exponi.
1199 2912 1293 2956 Quo

1344 2807 1387 2843 in
1405 2801 1671 2854 subduplicatd
1697 2806 1842 2842 ratione
1866 2805 2078 2842 altitudinis
2107 2806 2135 2843 I
2152 2806 2209 2849 H,
2239 2806 2290 2841 ad
2307 2804 2394 2841 acti-

1344 2860 1520 2897 tudinem
1541 2860 1568 2896 I
1587 2859 1622 2897 G
1643 2859 1729 2908 (per
1750 2858 1839 2895 Cor.
1868 2857 1918 2905 l.)
1938 2859 1977 2895 id
1995 2865 2062 2903 est,
2090 2859 2132 2895 in
2150 2859 2312 2906 simplici
2329 2870 2393 2894 ra-

1345 2915 1446 2950 tione
1473 2913 1607 2950 mediae
1630 2913 1922 2961 proportionalis
1949 2913 1978 2949 Ι
1996 2912 2038 2953 0,
2069 2914 2120 2949 ad
2147 2912 2393 2949 altitudinem

245 2973 416 3013 tempore
435 2963 633 3014 cylindrus
651 2977 774 3016 aquae,
803 2966 916 3016 cujus
933 2966 1033 3003 basis
1052 2965 1210 3016 aequalis
1237 2972 1294 3004 est

244 3017 425 3055 foramini
447 3018 483 3055 E
508 3017 553 3063 F,
588 3024 625 3055 et
656 3017 820 3056 altitudo
851 3019 889 3056 G
911 3019 933 3056 I
961 3019 999 3056 vi
1026 3019 1205 3068 ponderis
1232 3018 1294 3056 sui

245 3072 420 3109 cadendo
447 3071 675 3109 describeret
701 3071 947 3110 altitudinem
969 3072 991 3110 I
1016 3073 1072 3119 G,
1096 3080 1135 3111 et
1153 3072 1292 3110 veloci-

245 3132 363 3162 tatem
382 3137 492 3174 aquae
507 3124 698 3163 exilientis
712 3126 922 3176 acquireret
937 3140 949 3173 ;
971 3126 1108 3164 eodem
1122 3133 1295 3174 tempore

246 3191 268 3215 e
286 3178 476 3216 foramine
497 3178 534 3215 E
552 3178 585 3215 F
603 3178 778 3217 efflueret
795 3192 906 3229 aquae
924 3180 1119 3229 quantitas
1137 3179 1295 3228 aequalis

244 3230 355 3269 alteri
386 3231 561 3280 cylindro
597 3245 732 3282 aque0,
766 3233 879 3283 cujus
909 3233 1010 3271 basis
1037 3240 1094 3271 est
1119 3232 1294 3270 foramen

247 3284 285 3322 E
309 3284 355 3329 F,
384 3292 422 3322 et
449 3284 655 3335 longitudo
674 3290 698 3323 2
722 3286 760 3324 G
782 3286 803 3323 Ι
826 3288 909 3338 (30.
935 3286 1022 3324 Lib.
1050 3286 1122 3336 I.),
1151 3285 1192 3322 id
1219 3292 1288 3332 est,

245 3337 420 3388 cylindro
449 3338 585 3385 prioris
614 3339 758 3388 duplo;
792 3347 830 3377 et
857 3338 947 3377 ide&
975 3342 1024 3378 ob
1050 3339 1291 3378 velocitatem

244 3404 362 3441 quam
390 3390 588 3440 cylindrus
614 3405 682 3440 per
708 3392 954 3430 altitudinem
985 3393 1006 3431 I
1031 3393 1082 3439 G,
1117 3391 1290 3430 cadendo

244 3444 419 3494 acquirit,
467 3445 655 3494 aequalem
691 3445 883 3483 velocitati
927 3459 1038 3496 aquae
1082 3445 1287 3491 exilientis,

243 3497 439 3548 quantitas
456 3497 585 3536 motus
603 3498 643 3534 in
660 3499 726 3536 illo
744 3498 919 3550 cylindro
936 3499 974 3536 vi
993 3498 1172 3548 ponderis
1191 3499 1291 3548 ejus-

246 3551 337 3588 dem
368 3550 531 3601 cylindri
559 3551 702 3602 genita,
737 3560 794 3590 est
812 3552 861 3590 ad
880 3553 1131 3602 quantitatem
1160 3551 1291 3589 motus

244 3604 382 3642 eodem
410 3612 583 3654 tempore
601 3604 643 3641 in
662 3604 761 3654 aqua
780 3605 960 3643 exiliente
991 3606 1220 3654 productam
1247 3611 1293 3642 ut

249 3661 265 3695 1
298 3657 348 3695 ad
377 3663 413 3695 ⁶2.
476 3657 553 3696 Sed
585 3658 683 3694 vires
711 3658 923 3695 uniformes
955 3659 1097 3709 quibus
1128 3657 1293 3708 cylindri

244 3710 418 3748 cadentis
448 3718 487 3748 et
518 3706 630 3762 aqu'ae
660 3710 850 3748 exilientis
878 3720 1010 3749 motus
1045 3718 1290 3763 generantur,

244 3771 337 3801 sunt
355 3772 400 3801 ut
418 3763 548 3802 motus
566 3764 799 3814 quantitates
817 3763 952 3801 eodem
972 3772 1145 3813 tempore
1164 3777 1188 3802 a
1207 3764 1296 3800 viri-

245 3817 321 3854 bus
353 3816 429 3855 illis
455 3817 598 3868 genitae
620 3819 704 3867 (15.
730 3816 819 3855 Lib.
846 3816 918 3866 1.).
982 3818 1114 3862 Quare
1144 3816 1296 3866 pondus

245 3869 410 3919 cylindri
436 3883 560 3921 aquae,
593 3871 706 3922 cujus
723 3869 824 3909 basis
842 3876 900 3908 est
917 3869 1094 3909 foramen
1124 3870 1162 3909 Ε
1186 3870 1231 3916 F,
1259 3877 1298 3909 et

1347 2968 1377 3005 I
1397 2968 1443 3011 G,
1478 2964 1641 3015 ideoque
1664 2965 1812 3002 factum
1838 2976 1885 3002 ex
1913 2964 2058 3002 circulo
2080 2964 2117 3001 A
2141 2965 2176 3004 B
2198 2964 2237 3000 in
2257 2963 2391 3001 altitu-

1347 3018 1480 3056 dinem
1497 3023 1521 3055 2
1544 3019 1564 3055 I
1590 3019 1626 3056 O
1647 3018 1795 3068 aequale
1812 3025 1869 3055 est
1886 3017 1989 3056 facto
2007 3030 2053 3055 ex
2073 3016 2221 3055 circulo
2243 3017 2279 3054 E
2300 3016 2332 3054 F
2350 3015 2393 3052 in

1346 3072 1592 3110 altitudinem
1623 3075 1647 3108 2
1670 3072 1690 3110 I
1716 3071 1765 3115 G,
1797 3079 1877 3117 aut,
1906 3070 2012 3120 quod
2039 3070 2142 3108 idem
2170 3077 2240 3115 est,
2269 3068 2393 3117 cylin-

1348 3126 1441 3163 drus
1472 3125 1585 3175 cujus
1615 3124 1715 3163 basis
1746 3131 1803 3162 est
1831 3124 1999 3162 circulus
2036 3124 2071 3160 E
2094 3123 2128 3161 F
2163 3130 2202 3160 et
2228 3121 2393 3160 altitudo

1349 3183 1373 3216 2
1396 3180 1416 3217 I
1437 3179 1487 3225 G,
1517 3185 1692 3228 aequatur
1709 3177 1883 3227 cylindro
1902 3177 2014 3228 cujus
2028 3176 2132 3216 basis
2150 3183 2207 3213 est
2225 3175 2393 3214 circulus

1351 3232 1390 3270 A
1414 3233 1450 3270 B
1469 3240 1508 3270 et
1524 3231 1689 3269 altitudo
1709 3236 1733 3269 2
1753 3231 1775 3269 I
1799 3231 1850 3269 Ο.

1399 3284 1450 3337 (f)
1472 3289 1493 3310 *
1515 3287 1697 3336 AEqualis
1715 3287 1785 3322 erit
1803 3285 1975 3334 cylindro
1996 3284 2109 3333 cujus
2127 3284 2225 3322 basis
2244 3290 2295 3322 est
2316 3284 2392 3321 cir·

1344 3342 1457 3378 culus
1476 3340 1515 3376 A
1534 3342 1574 3377 B
1591 3346 1627 3376 et
1644 3340 1807 3376 altitudo
1826 3345 1879 3376 est
1906 3342 1929 3374 2
1949 3339 1977 3375 Ι
1995 3339 2051 3376 Η.
2114 3336 2268 3374 Eadem
2287 3336 2393 3372 enim

1342 3405 1454 3441 aquae
1472 3391 1664 3441 quantitas
1683 3391 1817 3428 eodem
1837 3398 2009 3439 tempore
2027 3390 2163 3428 transit
2179 3401 2249 3438 per
2266 3388 2393 3426 circu·

1342 3445 1402 3482 los
1431 3445 1469 3482 A
1494 3445 1541 3488 B,
1572 3451 1611 3482 et
1640 3445 1677 3482 E
1702 3445 1734 3482 F
1760 3444 1876 3496 (271)
1906 3451 1944 3481 et
1969 3443 2163 3494 quantitas
2189 3454 2298 3491 aquae
2326 3453 2393 3489 per

1345 3498 1535 3536 circulum
1559 3498 1595 3534 A
1619 3498 1669 3542 B,
1690 3497 1922 3535 transeuntis
1940 3510 1986 3535 eo
2000 3504 2172 3546 tempore
2190 3507 2268 3544 quo
2281 3501 2394 3544 gutta

1345 3550 1518 3589 cadendo
1532 3550 1743 3588 describere
1755 3558 1880 3600 potest
1893 3550 2137 3588 altitudinem
2152 3549 2173 3586 Ι
2190 3549 2246 3591 H,
2263 3560 2392 3597 aequa-

1346 3605 1394 3642 lis
1421 3605 1493 3642 erit
1519 3603 1691 3653 cylindro
1719 3617 1842 3655 aqueo
1873 3604 1985 3653 cujus
2013 3603 2113 3641 basis
2139 3608 2197 3639 est
2224 3600 2393 3638 clrculus

1340 3659 1388 3696 Ἀ
1414 3658 1449 3697 Β
1470 3665 1508 3694 et
1527 3657 1691 3695 altitudo
1710 3662 1734 3695 2
1757 3658 1777 3695 1
1801 3657 1845 3694 H
1868 3658 1950 3708 (30.
1977 3656 2065 3694 Lib.
2090 3655 2163 3702 L).

1403 3711 1459 3760 (⁸)
1483 3713 1505 3735 *
1528 3713 1578 3749 Id
1597 3718 1661 3757 est,
1682 3725 1782 3762 aqua
1802 3718 1894 3749 tota.
1942 3709 2046 3747 Nam
2066 3721 2113 3745 ex
2131 3708 2178 3745 iis
2196 3720 2283 3757 quae
2303 3713 2393 3744 ante

1350 3776 1427 3802 cas.
1453 3769 1487 3802 1.
1511 3763 1613 3801 dicta
1634 3771 1736 3808 sunt,
1762 3763 2010 3802 manifestum
2031 3769 2088 3799 est
2105 3774 2244 3811 aquam
2272 3768 2393 3797 totam

1349 3816 1534 3865 praedicto
1565 3816 1688 3854 solido
1720 3823 1953 3861 contentam,
1986 3828 2053 3863 per
2084 3815 2258 3853 foramen
2292 3812 2329 3850 E
2359 3811 2393 3849 F

1350 3869 1489 3908 eodem
1507 3876 1679 3920 ternpore
1698 3869 1867 3915 effluere,
1895 3880 1974 3919 quo
1992 3881 2103 3919 aquae
2121 3876 2233 3920 gutta
2250 3865 2286 3904 vi
2304 3877 2391 3916 gra-
