<?xml version="1.0" encoding="UTF-8"?>
<!DOCTYPE html PUBLIC "-//W3C//DTD XHTML 1.0 Transitional//EN"
    "http://www.w3.org/TR/xhtml1/DTD/xhtml1-transitional.dtd">
<html xmlns="http://www.w3.org/1999/xhtml" xml:lang="en" lang="en">
 <head>
  <title>
</title>
<meta http-equiv="Content-Type" content="text/html;charset=utf-8" />
  <meta name='ocr-system' content='tesseract 3.04.00' />
  <meta name='ocr-capabilities' content='ocr_page ocr_carea ocr_par ocr_line ocrx_word'/>
</head>
<body>
  <div class='ocr_page' id='page_1' title='image "./philonatrualprin02newtrich_0183.png"; bbox 0 0 2502 4192; ppageno 0'>
   <div class='ocr_carea' id='block_1_1' title="bbox 155 271 2295 341">
    <p class='ocr_par' dir='ltr' id='par_1_1' title="bbox 155 271 2295 341">
     <span class='ocr_line' id='line_1_1' title="bbox 155 271 2295 341; baseline -0.002 -10"><span class='ocrx_word' id='word_1_1' title='bbox 155 278 339 331; x_wconf 69' lang='lat' dir='ltr'>mez</span> <span class='ocrx_word' id='word_1_2' title='bbox 367 277 637 341; x_wconf 59' lang='lat' dir='ltr'>Samma]</span> <span class='ocrx_word' id='word_1_3' title='bbox 705 274 1105 328; x_wconf 76' lang='lat' dir='ltr'>PRINCIPIA</span> <span class='ocrx_word' id='word_1_4' title='bbox 1145 271 1763 326; x_wconf 87' lang='lat' dir='ltr'>MATHEMATICA.</span> <span class='ocrx_word' id='word_1_5' title='bbox 2200 282 2295 330; x_wconf 91' lang='lat'>171</span> 
     </span>
    </p>
   </div>
   <div class='ocr_carea' id='block_1_2' title="bbox 144 414 2302 740">
    <p class='ocr_par' dir='ltr' id='par_1_2' title="bbox 144 414 2302 740">
     <span class='ocr_line' id='line_1_2' title="bbox 154 414 2301 490; baseline -0.002 -17"><span class='ocrx_word' id='word_1_6' title='bbox 154 434 292 473; x_wconf 92' lang='lat' dir='ltr'>trum</span> <span class='ocrx_word' id='word_1_7' title='bbox 317 419 646 472; x_wconf 88' lang='lat' dir='ltr'>oscillationis</span> <span class='ocrx_word' id='word_1_8' title='bbox 672 419 817 490; x_wconf 83' lang='lat' dir='ltr'>globi</span> <span class='ocrx_word' id='word_1_9' title='bbox 842 418 1085 470; x_wconf 80' lang='lat' dir='ltr'>distantia</span> <span class='ocrx_word' id='word_1_10' title='bbox 1108 426 1240 469; x_wconf 90' lang='lat' dir='ltr'>esset</span> <span class='ocrx_word' id='word_1_11' title='bbox 1263 416 1458 484; x_wconf 90' lang='lat' dir='ltr'>pedum</span> <span class='ocrx_word' id='word_1_12' title='bbox 1489 419 1607 481; x_wconf 53' lang='lat'>1073.</span> <span class='ocrx_word' id='word_1_13' title='bbox 1686 415 1751 467; x_wconf 92' lang='lat' dir='ltr'>In</span> <span class='ocrx_word' id='word_1_14' title='bbox 1790 414 1881 466; x_wconf 91' lang='lat' dir='ltr'>filo</span> <span class='ocrx_word' id='word_1_15' title='bbox 1918 425 2171 483; x_wconf 88' lang='lat' dir='ltr'>punctum</span> <span class='ocrx_word' id='word_1_16' title='bbox 2203 435 2301 468; x_wconf 90' lang='lat' dir='ltr'>no-</span> 
     </span>
     <span class='ocr_line' id='line_1_3' title="bbox 144 504 2301 579; baseline -0.002 -17"><span class='ocrx_word' id='word_1_17' title='bbox 144 505 255 563; x_wconf 81' lang='lat' dir='ltr'>tavi</span> <span class='ocrx_word' id='word_1_18' title='bbox 279 511 498 579; x_wconf 90' lang='lat' dir='ltr'>pedibus</span> <span class='ocrx_word' id='word_1_19' title='bbox 524 509 704 560; x_wconf 91' lang='lat' dir='ltr'>decem</span> <span class='ocrx_word' id='word_1_20' title='bbox 730 520 781 561; x_wconf 93' lang='lat' dir='ltr'>et</span> <span class='ocrx_word' id='word_1_21' title='bbox 805 508 955 560; x_wconf 69' lang='lat' dir='ltr'>uncie</span> <span class='ocrx_word' id='word_1_22' title='bbox 984 508 1085 559; x_wconf 67' lang='lat' dir='ltr'>une</span> <span class='ocrx_word' id='word_1_23' title='bbox 1107 527 1137 558; x_wconf 90' lang='lat' dir='ltr'>a</span> <span class='ocrx_word' id='word_1_24' title='bbox 1157 517 1333 557; x_wconf 89' lang='lat' dir='ltr'>centro</span> <span class='ocrx_word' id='word_1_25' title='bbox 1354 505 1703 574; x_wconf 86' lang='lat' dir='ltr'>suspensionis</span> <span class='ocrx_word' id='word_1_26' title='bbox 1721 504 1946 565; x_wconf 84' lang='lat' dir='ltr'>distans3</span> <span class='ocrx_word' id='word_1_27' title='bbox 1975 514 2026 555; x_wconf 90' lang='lat' dir='ltr'>et</span> <span class='ocrx_word' id='word_1_28' title='bbox 2043 523 2071 555; x_wconf 92' lang='lat' dir='ltr'>e</span> <span class='ocrx_word' id='word_1_29' title='bbox 2087 507 2301 575; x_wconf 81' lang='lat' dir='ltr'>regione</span> 
     </span>
     <span class='ocr_line' id='line_1_4' title="bbox 154 596 2302 670; baseline -0.003 -17"><span class='ocrx_word' id='word_1_30' title='bbox 154 602 333 670; x_wconf 89' lang='lat' dir='ltr'>puncti</span> <span class='ocrx_word' id='word_1_31' title='bbox 357 601 492 652; x_wconf 91' lang='lat' dir='ltr'>illius</span> <span class='ocrx_word' id='word_1_32' title='bbox 519 601 767 652; x_wconf 85' lang='lat' dir='ltr'>collocavi</span> <span class='ocrx_word' id='word_1_33' title='bbox 793 599 1027 670; x_wconf 87' lang='lat' dir='ltr'>regulam</span> <span class='ocrx_word' id='word_1_34' title='bbox 1052 598 1106 649; x_wconf 90' lang='lat' dir='ltr'>in</span> <span class='ocrx_word' id='word_1_35' title='bbox 1132 597 1322 667; x_wconf 85' lang='lat' dir='ltr'>digitos</span> <span class='ocrx_word' id='word_1_36' title='bbox 1344 596 1656 658; x_wconf 82' lang='lat' dir='ltr'>distinctam,</span> <span class='ocrx_word' id='word_1_37' title='bbox 1696 613 1916 665; x_wconf 90' lang='lat' dir='ltr'>quorum</span> <span class='ocrx_word' id='word_1_38' title='bbox 1943 613 2041 662; x_wconf 90' lang='lat' dir='ltr'>ope</span> <span class='ocrx_word' id='word_1_39' title='bbox 2066 605 2302 647; x_wconf 87' lang='lat' dir='ltr'>notarem</span> 
     </span>
     <span class='ocr_line' id='line_1_5' title="bbox 1443 686 2301 740; baseline -0.001 -1"><span class='ocrx_word' id='word_1_40' title='bbox 1443 687 1653 739; x_wconf 82' lang='lat' dir='ltr'>Deinde</span> <span class='ocrx_word' id='word_1_41' title='bbox 1673 687 1939 740; x_wconf 89' lang='lat' dir='ltr'>numeravi</span> <span class='ocrx_word' id='word_1_42' title='bbox 1956 686 2301 738; x_wconf 89' lang='lat' dir='ltr'>oscillationes</span> 
     </span>
    </p>
   </div>
   <div class='ocr_carea' id='block_1_3' title="bbox 1720 775 2302 844">
    <p class='ocr_par' dir='ltr' id='par_1_3' title="bbox 1720 775 2302 844">
     <span class='ocr_line' id='line_1_6' title="bbox 1720 775 2302 844; baseline -0.005 -16"><span class='ocrx_word' id='word_1_43' title='bbox 1720 777 1777 829; x_wconf 86' lang='lat' dir='ltr'>Si</span> <span class='ocrx_word' id='word_1_44' title='bbox 1812 776 2100 844; x_wconf 92' lang='lat' dir='ltr'>pendulum</span> <span class='ocrx_word' id='word_1_45' title='bbox 2138 775 2302 826; x_wconf 93' lang='lat' dir='ltr'>dedu-</span> 
     </span>
    </p>
   </div>
   <div class='ocr_carea' id='block_1_4' title="bbox 139 689 2305 2371">
    <p class='ocr_par' dir='ltr' id='par_1_4' title="bbox 139 689 2305 2371">
     <span class='ocr_line' id='line_1_7' title="bbox 153 689 1367 763; baseline -0.002 -20"><span class='ocrx_word' id='word_1_46' title='bbox 153 693 501 763; x_wconf 89' lang='lat' dir='ltr'>longitudines</span> <span class='ocrx_word' id='word_1_47' title='bbox 522 710 735 744; x_wconf 90' lang='lat' dir='ltr'>arcuum</span> <span class='ocrx_word' id='word_1_48' title='bbox 760 711 791 742; x_wconf 88' lang='lat' dir='ltr'>a</span> <span class='ocrx_word' id='word_1_49' title='bbox 813 690 1043 759; x_wconf 91' lang='lat' dir='ltr'>pendulo</span> <span class='ocrx_word' id='word_1_50' title='bbox 1068 689 1367 757; x_wconf 83' lang='lat' dir='ltr'>descriptas.</span> 
     </span>
     <span class='ocr_line' id='line_1_8' title="bbox 153 777 1638 853; baseline -0.003 -20"><span class='ocrx_word' id='word_1_51' title='bbox 153 783 339 851; x_wconf 86' lang='lat' dir='ltr'>quibus</span> <span class='ocrx_word' id='word_1_52' title='bbox 365 783 551 853; x_wconf 84' lang='lat' dir='ltr'>globus</span> <span class='ocrx_word' id='word_1_53' title='bbox 577 793 810 833; x_wconf 87' lang='lat' dir='ltr'>octavam</span> <span class='ocrx_word' id='word_1_54' title='bbox 835 790 1005 831; x_wconf 92' lang='lat' dir='ltr'>motus</span> <span class='ocrx_word' id='word_1_55' title='bbox 1032 779 1110 830; x_wconf 90' lang='lat' dir='ltr'>sui</span> <span class='ocrx_word' id='word_1_56' title='bbox 1134 789 1338 847; x_wconf 91' lang='lat' dir='ltr'>partem</span> <span class='ocrx_word' id='word_1_57' title='bbox 1363 777 1638 829; x_wconf 88' lang='lat' dir='ltr'>amitteret.</span> 
     </span>
     <span class='ocr_line' id='line_1_9' title="bbox 153 866 2301 941; baseline -0.003 -19"><span class='ocrx_word' id='word_1_58' title='bbox 153 872 364 923; x_wconf 86' lang='lat' dir='ltr'>cebatur</span> <span class='ocrx_word' id='word_1_59' title='bbox 381 892 410 923; x_wconf 88' lang='lat' dir='ltr'>a</span> <span class='ocrx_word' id='word_1_60' title='bbox 430 870 802 941; x_wconf 89' lang='lat' dir='ltr'>perpendiculo</span> <span class='ocrx_word' id='word_1_61' title='bbox 828 869 895 921; x_wconf 91' lang='lat' dir='ltr'>ad</span> <span class='ocrx_word' id='word_1_62' title='bbox 921 869 1217 920; x_wconf 83' lang='lat' dir='ltr'>distantiam</span> <span class='ocrx_word' id='word_1_63' title='bbox 1244 867 1468 918; x_wconf 89' lang='lat' dir='ltr'>duorum</span> <span class='ocrx_word' id='word_1_64' title='bbox 1506 867 1803 938; x_wconf 87' lang='lat' dir='ltr'>digitorum,</span> <span class='ocrx_word' id='word_1_65' title='bbox 1842 876 1894 918; x_wconf 91' lang='lat' dir='ltr'>et</span> <span class='ocrx_word' id='word_1_66' title='bbox 1917 866 2039 917; x_wconf 93' lang='lat' dir='ltr'>inde</span> <span class='ocrx_word' id='word_1_67' title='bbox 2065 866 2301 917; x_wconf 90' lang='lat' dir='ltr'>demitte-</span> 
     </span>
     <span class='ocr_line' id='line_1_10' title="bbox 151 954 2295 1025; baseline -0.004 -12"><span class='ocrx_word' id='word_1_68' title='bbox 151 962 331 1024; x_wconf 84' lang='lat' dir='ltr'>batur3</span> <span class='ocrx_word' id='word_1_69' title='bbox 383 963 454 1013; x_wconf 90' lang='lat' dir='ltr'>ita</span> <span class='ocrx_word' id='word_1_70' title='bbox 493 974 551 1012; x_wconf 86' lang='lat' dir='ltr'>ut</span> <span class='ocrx_word' id='word_1_71' title='bbox 589 971 699 1012; x_wconf 93' lang='lat' dir='ltr'>toto</span> <span class='ocrx_word' id='word_1_72' title='bbox 744 977 838 1010; x_wconf 92' lang='lat' dir='ltr'>suo</span> <span class='ocrx_word' id='word_1_73' title='bbox 878 958 1131 1010; x_wconf 87' lang='lat' dir='ltr'>descensu</span> <span class='ocrx_word' id='word_1_74' title='bbox 1168 956 1485 1007; x_wconf 87' lang='lat' dir='ltr'>describeret</span> <span class='ocrx_word' id='word_1_75' title='bbox 1522 973 1700 1007; x_wconf 90' lang='lat' dir='ltr'>arcum</span> <span class='ocrx_word' id='word_1_76' title='bbox 1737 955 1959 1006; x_wconf 88' lang='lat' dir='ltr'>duorum</span> <span class='ocrx_word' id='word_1_77' title='bbox 1999 954 2295 1025; x_wconf 87' lang='lat' dir='ltr'>digitorum,</span> 
     </span>
     <span class='ocr_line' id='line_1_11' title="bbox 154 1042 2297 1120; baseline -0.004 -18"><span class='ocrx_word' id='word_1_78' title='bbox 154 1050 363 1120; x_wconf 67' lang='lat' dir='ltr'>totaque</span> <span class='ocrx_word' id='word_1_79' title='bbox 388 1049 706 1101; x_wconf 84' lang='lat' dir='ltr'>oscillatione</span> <span class='ocrx_word' id='word_1_80' title='bbox 731 1046 915 1116; x_wconf 64' lang='lat' dir='ltr'>primii,</span> <span class='ocrx_word' id='word_1_81' title='bbox 945 1065 1011 1098; x_wconf 87' lang='lat' dir='ltr'>ex</span> <span class='ocrx_word' id='word_1_82' title='bbox 1029 1046 1281 1098; x_wconf 84' lang='lat' dir='ltr'>descensu</span> <span class='ocrx_word' id='word_1_83' title='bbox 1307 1057 1359 1097; x_wconf 92' lang='lat' dir='ltr'>et</span> <span class='ocrx_word' id='word_1_84' title='bbox 1383 1063 1599 1096; x_wconf 90' lang='lat' dir='ltr'>ascensu</span> <span class='ocrx_word' id='word_1_85' title='bbox 1626 1045 1970 1116; x_wconf 87' lang='lat' dir='ltr'>subsequente</span> <span class='ocrx_word' id='word_1_86' title='bbox 1995 1042 2297 1111; x_wconf 64' lang='lat' dir='ltr'>composite,</span> 
     </span>
     <span class='ocr_line' id='line_1_12' title="bbox 153 1133 2301 1212; baseline -0.006 -18"><span class='ocrx_word' id='word_1_87' title='bbox 153 1161 327 1194; x_wconf 87' lang='lat' dir='ltr'>arcum</span> <span class='ocrx_word' id='word_1_88' title='bbox 365 1141 644 1212; x_wconf 87' lang='lat' dir='ltr'>digitorum</span> <span class='ocrx_word' id='word_1_89' title='bbox 671 1139 776 1190; x_wconf 85' lang='lat' dir='ltr'>fere</span> <span class='ocrx_word' id='word_1_90' title='bbox 803 1148 1052 1208; x_wconf 89' lang='lat' dir='ltr'>quatuor:</span> <span class='ocrx_word' id='word_1_91' title='bbox 1095 1137 1158 1207; x_wconf 71' lang='lat' dir='ltr'>(d)</span> <span class='ocrx_word' id='word_1_92' title='bbox 1186 1137 1326 1188; x_wconf 86' lang='lat' dir='ltr'>idem</span> <span class='ocrx_word' id='word_1_93' title='bbox 1364 1135 1769 1187; x_wconf 86' lang='lat' dir='ltr'>oscillationibus</span> <span class='ocrx_word' id='word_1_94' title='bbox 1812 1141 1912 1187; x_wconf 79' lang='lat'>164</span> <span class='ocrx_word' id='word_1_95' title='bbox 1952 1133 2123 1184; x_wconf 88' lang='lat' dir='ltr'>amisit</span> <span class='ocrx_word' id='word_1_96' title='bbox 2161 1142 2301 1183; x_wconf 86' lang='lat' dir='ltr'>octa-</span> 
     </span>
     <span class='ocr_line' id='line_1_13' title="bbox 151 1221 2301 1298; baseline -0.005 -16"><span class='ocrx_word' id='word_1_97' title='bbox 151 1225 267 1283; x_wconf 75' lang='lat' dir='ltr'>vani</span> <span class='ocrx_word' id='word_1_98' title='bbox 292 1230 460 1282; x_wconf 72' lang='lat' dir='ltr'>motus</span> <span class='ocrx_word' id='word_1_99' title='bbox 488 1230 566 1281; x_wconf 87' lang='lat' dir='ltr'>sui</span> <span class='ocrx_word' id='word_1_100' title='bbox 590 1240 808 1298; x_wconf 88' lang='lat' dir='ltr'>partem,</span> <span class='ocrx_word' id='word_1_101' title='bbox 847 1228 919 1278; x_wconf 86' lang='lat' dir='ltr'>sic</span> <span class='ocrx_word' id='word_1_102' title='bbox 944 1238 1001 1278; x_wconf 93' lang='lat' dir='ltr'>ut</span> <span class='ocrx_word' id='word_1_103' title='bbox 1026 1227 1210 1278; x_wconf 90' lang='lat' dir='ltr'>ultimo</span> <span class='ocrx_word' id='word_1_104' title='bbox 1236 1245 1329 1277; x_wconf 90' lang='lat' dir='ltr'>suo</span> <span class='ocrx_word' id='word_1_105' title='bbox 1354 1244 1568 1276; x_wconf 88' lang='lat' dir='ltr'>ascensu</span> <span class='ocrx_word' id='word_1_106' title='bbox 1609 1224 1925 1276; x_wconf 85' lang='lat' dir='ltr'>describeret</span> <span class='ocrx_word' id='word_1_107' title='bbox 1949 1240 2128 1273; x_wconf 89' lang='lat' dir='ltr'>arcum</span> <span class='ocrx_word' id='word_1_108' title='bbox 2153 1221 2301 1292; x_wconf 87' lang='lat' dir='ltr'>digiti</span> 
     </span>
     <span class='ocr_line' id='line_1_14' title="bbox 152 1310 2302 1387; baseline -0.006 -15"><span class='ocrx_word' id='word_1_109' title='bbox 152 1322 303 1373; x_wconf 89' lang='lat' dir='ltr'>unius</span> <span class='ocrx_word' id='word_1_110' title='bbox 320 1339 436 1372; x_wconf 88' lang='lat' dir='ltr'>cum</span> <span class='ocrx_word' id='word_1_111' title='bbox 457 1320 619 1371; x_wconf 90' lang='lat' dir='ltr'>tribus</span> <span class='ocrx_word' id='word_1_112' title='bbox 635 1318 866 1387; x_wconf 87' lang='lat' dir='ltr'>partibus</span> <span class='ocrx_word' id='word_1_113' title='bbox 882 1316 1076 1386; x_wconf 89' lang='lat' dir='ltr'>quartis</span> <span class='ocrx_word' id='word_1_114' title='bbox 1098 1315 1260 1387; x_wconf 80' lang='lat' dir='ltr'>digiti.</span> <span class='ocrx_word' id='word_1_115' title='bbox 1307 1315 1362 1367; x_wconf 86' lang='lat' dir='ltr'>Si</span> <span class='ocrx_word' id='word_1_116' title='bbox 1377 1315 1546 1382; x_wconf 88' lang='lat' dir='ltr'>primo</span> <span class='ocrx_word' id='word_1_117' title='bbox 1566 1314 1818 1365; x_wconf 89' lang='lat' dir='ltr'>descensu</span> <span class='ocrx_word' id='word_1_118' title='bbox 1836 1310 2107 1379; x_wconf 88' lang='lat' dir='ltr'>descripsit</span> <span class='ocrx_word' id='word_1_119' title='bbox 2123 1329 2302 1361; x_wconf 87' lang='lat' dir='ltr'>arcum</span> 
     </span>
     <span class='ocr_line' id='line_1_15' title="bbox 152 1402 2304 1482; baseline -0.005 -19"><span class='ocrx_word' id='word_1_120' title='bbox 152 1413 431 1482; x_wconf 82' lang='lat' dir='ltr'>digitorum</span> <span class='ocrx_word' id='word_1_121' title='bbox 458 1421 678 1480; x_wconf 85' lang='lat' dir='ltr'>quatuor</span> <span class='ocrx_word' id='word_1_122' title='bbox 694 1429 708 1471; x_wconf 84' lang='lat'>3</span> <span class='ocrx_word' id='word_1_123' title='bbox 736 1408 906 1477; x_wconf 88' lang='lat' dir='ltr'>amisit</span> <span class='ocrx_word' id='word_1_124' title='bbox 931 1417 1164 1458; x_wconf 88' lang='lat' dir='ltr'>octavam</span> <span class='ocrx_word' id='word_1_125' title='bbox 1202 1405 1372 1457; x_wconf 71' lang='lat' dir='ltr'>motus</span> <span class='ocrx_word' id='word_1_126' title='bbox 1408 1416 1610 1474; x_wconf 90' lang='lat' dir='ltr'>partem</span> <span class='ocrx_word' id='word_1_127' title='bbox 1636 1403 2041 1456; x_wconf 88' lang='lat' dir='ltr'>oscillationibus</span> <span class='ocrx_word' id='word_1_128' title='bbox 2072 1409 2191 1465; x_wconf 80' lang='grc'><strong>121,</strong></span> <span class='ocrx_word' id='word_1_129' title='bbox 2232 1402 2304 1453; x_wconf 86' lang='lat' dir='ltr'>ita</span> 
     </span>
     <span class='ocr_line' id='line_1_16' title="bbox 151 1491 2303 1566; baseline -0.006 -12"><span class='ocrx_word' id='word_1_130' title='bbox 151 1515 209 1554; x_wconf 91' lang='lat' dir='ltr'>ut</span> <span class='ocrx_word' id='word_1_131' title='bbox 235 1520 448 1554; x_wconf 84' lang='lat' dir='ltr'>ascensu</span> <span class='ocrx_word' id='word_1_132' title='bbox 484 1500 669 1550; x_wconf 90' lang='lat' dir='ltr'>ultimo</span> <span class='ocrx_word' id='word_1_133' title='bbox 705 1497 1023 1548; x_wconf 87' lang='lat' dir='ltr'>describeret</span> <span class='ocrx_word' id='word_1_134' title='bbox 1059 1514 1237 1547; x_wconf 90' lang='lat' dir='ltr'>arcum</span> <span class='ocrx_word' id='word_1_135' title='bbox 1275 1495 1556 1566; x_wconf 84' lang='lat' dir='ltr'>digitorum</span> <span class='ocrx_word' id='word_1_136' title='bbox 1585 1498 1669 1560; x_wconf 55' lang='lat'>3}-</span> <span class='ocrx_word' id='word_1_137' title='bbox 1749 1493 1805 1546; x_wconf 84' lang='lat' dir='ltr'>Si</span> <span class='ocrx_word' id='word_1_138' title='bbox 1840 1492 2012 1561; x_wconf 90' lang='lat' dir='ltr'>primo</span> <span class='ocrx_word' id='word_1_139' title='bbox 2052 1491 2303 1543; x_wconf 86' lang='lat' dir='ltr'>descensu</span> 
     </span>
     <span class='ocr_line' id='line_1_17' title="bbox 149 1579 2305 1657; baseline -0.006 -15"><span class='ocrx_word' id='word_1_140' title='bbox 149 1589 417 1657; x_wconf 88' lang='lat' dir='ltr'>descripsit</span> <span class='ocrx_word' id='word_1_141' title='bbox 441 1606 620 1639; x_wconf 87' lang='lat' dir='ltr'>arcum</span> <span class='ocrx_word' id='word_1_142' title='bbox 644 1585 927 1656; x_wconf 86' lang='lat' dir='ltr'>digitorum</span> <span class='ocrx_word' id='word_1_143' title='bbox 952 1593 1088 1646; x_wconf 88' lang='lat' dir='ltr'>octo,</span> <span class='ocrx_word' id='word_1_144' title='bbox 1118 1582 1394 1646; x_wconf 86' lang='lat' dir='ltr'>sexdecim,</span> <span class='ocrx_word' id='word_1_145' title='bbox 1434 1583 1648 1652; x_wconf 83' lang='lat' dir='ltr'>triginta</span> <span class='ocrx_word' id='word_1_146' title='bbox 1673 1582 1898 1633; x_wconf 90' lang='lat' dir='ltr'>duorum</span> <span class='ocrx_word' id='word_1_147' title='bbox 1921 1579 2004 1631; x_wconf 88' lang='lat' dir='ltr'>vel</span> <span class='ocrx_word' id='word_1_148' title='bbox 2030 1579 2305 1649; x_wconf 83' lang='lat' dir='ltr'>sexaginta</span> 
     </span>
     <span class='ocr_line' id='line_1_18' title="bbox 149 1671 2300 1752; baseline -0.005 -19"><span class='ocrx_word' id='word_1_149' title='bbox 149 1693 397 1752; x_wconf 84' lang='lat' dir='ltr'>quatuor3</span> <span class='ocrx_word' id='word_1_150' title='bbox 442 1678 611 1730; x_wconf 87' lang='lat' dir='ltr'>amisit</span> <span class='ocrx_word' id='word_1_151' title='bbox 646 1686 882 1728; x_wconf 89' lang='lat' dir='ltr'>octavam</span> <span class='ocrx_word' id='word_1_152' title='bbox 918 1674 1089 1727; x_wconf 76' lang='lat' dir='ltr'>motfis</span> <span class='ocrx_word' id='word_1_153' title='bbox 1126 1683 1328 1744; x_wconf 89' lang='lat' dir='ltr'>partem</span> <span class='ocrx_word' id='word_1_154' title='bbox 1366 1673 1770 1726; x_wconf 88' lang='lat' dir='ltr'>oscillationibus</span> <span class='ocrx_word' id='word_1_155' title='bbox 1798 1680 1883 1735; x_wconf 87' lang='lat'>69,</span> <span class='ocrx_word' id='word_1_156' title='bbox 1914 1675 2036 1738; x_wconf 56' lang='lat' dir='ltr'>35}ae</span> <span class='ocrx_word' id='word_1_157' title='bbox 2069 1674 2187 1737; x_wconf 44' lang='lat'>183,</span> <span class='ocrx_word' id='word_1_158' title='bbox 2217 1671 2300 1733; x_wconf 58' lang='lat'>93,</span> 
     </span>
     <span class='ocr_line' id='line_1_19' title="bbox 147 1762 2304 1838; baseline -0.003 -17"><span class='ocrx_word' id='word_1_159' title='bbox 147 1767 443 1838; x_wconf 74' lang='lat' dir='ltr'>respective.</span> <span class='ocrx_word' id='word_1_160' title='bbox 520 1767 690 1838; x_wconf 87' lang='lat' dir='ltr'>Igitur</span> <span class='ocrx_word' id='word_1_161' title='bbox 716 1765 1004 1816; x_wconf 86' lang='lat' dir='ltr'>differentia</span> <span class='ocrx_word' id='word_1_162' title='bbox 1026 1765 1161 1816; x_wconf 90' lang='lat' dir='ltr'>inter</span> <span class='ocrx_word' id='word_1_163' title='bbox 1193 1783 1341 1816; x_wconf 87' lang='lat' dir='ltr'>arcus</span> <span class='ocrx_word' id='word_1_164' title='bbox 1379 1765 1630 1816; x_wconf 92' lang='lat' dir='ltr'>descensu</span> <span class='ocrx_word' id='word_1_165' title='bbox 1667 1764 1839 1833; x_wconf 89' lang='lat' dir='ltr'>primo</span> <span class='ocrx_word' id='word_1_166' title='bbox 1864 1772 1916 1815; x_wconf 89' lang='lat' dir='ltr'>et</span> <span class='ocrx_word' id='word_1_167' title='bbox 1941 1780 2158 1814; x_wconf 88' lang='lat' dir='ltr'>ascensu</span> <span class='ocrx_word' id='word_1_168' title='bbox 2183 1762 2304 1814; x_wconf 90' lang='lat' dir='ltr'>ulti-</span> 
     </span>
     <span class='ocr_line' id='line_1_20' title="bbox 147 1853 2299 1926; baseline -0.003 -16"><span class='ocrx_word' id='word_1_169' title='bbox 147 1879 233 1910; x_wconf 91' lang='lat' dir='ltr'>mo</span> <span class='ocrx_word' id='word_1_170' title='bbox 259 1858 561 1926; x_wconf 87' lang='lat' dir='ltr'>descriptos,</span> <span class='ocrx_word' id='word_1_171' title='bbox 602 1865 713 1907; x_wconf 89' lang='lat' dir='ltr'>erat</span> <span class='ocrx_word' id='word_1_172' title='bbox 738 1856 793 1905; x_wconf 92' lang='lat' dir='ltr'>in</span> <span class='ocrx_word' id='word_1_173' title='bbox 819 1872 942 1905; x_wconf 89' lang='lat' dir='ltr'>casu</span> <span class='ocrx_word' id='word_1_174' title='bbox 966 1854 1152 1922; x_wconf 90' lang='lat' dir='ltr'>primo,</span> <span class='ocrx_word' id='word_1_175' title='bbox 1182 1853 1427 1915; x_wconf 89' lang='lat' dir='ltr'>secundo,</span> <span class='ocrx_word' id='word_1_176' title='bbox 1456 1854 1624 1916; x_wconf 87' lang='lat' dir='ltr'>tertio,</span> <span class='ocrx_word' id='word_1_177' title='bbox 1654 1864 1854 1924; x_wconf 87' lang='lat' dir='ltr'>quarto,</span> <span class='ocrx_word' id='word_1_178' title='bbox 1893 1853 2092 1923; x_wconf 90' lang='lat' dir='ltr'>quinto,</span> <span class='ocrx_word' id='word_1_179' title='bbox 2133 1863 2299 1916; x_wconf 85' lang='lat' dir='ltr'>sexto,</span> 
     </span>
     <span class='ocr_line' id='line_1_21' title="bbox 148 1941 2304 2018; baseline -0.003 -19"><span class='ocrx_word' id='word_1_180' title='bbox 148 1949 429 2018; x_wconf 85' lang='lat' dir='ltr'>digitorum</span> <span class='ocrx_word' id='word_1_181' title='bbox 453 1945 580 2011; x_wconf 42' lang='lat'>55,</span> <span class='ocrx_word' id='word_1_182' title='bbox 615 1952 660 2006; x_wconf 88' lang='lat'>1,</span> <span class='ocrx_word' id='word_1_183' title='bbox 690 1951 740 2006; x_wconf 78' lang='lat'>2,</span> <span class='ocrx_word' id='word_1_184' title='bbox 771 1950 820 2004; x_wconf 76' lang='lat'>4,</span> <span class='ocrx_word' id='word_1_185' title='bbox 851 1951 880 1995; x_wconf 93' lang='lat'>8</span> <span class='ocrx_word' id='word_1_186' title='bbox 921 1941 1220 2011; x_wconf 77' lang='lat' dir='ltr'>respective.</span> <span class='ocrx_word' id='word_1_187' title='bbox 1299 1942 1359 2010; x_wconf 68' lang='lat' dir='ltr'>(e)</span> <span class='ocrx_word' id='word_1_188' title='bbox 1399 1942 1718 1993; x_wconf 89' lang='lat' dir='ltr'>Dividantur</span> <span class='ocrx_word' id='word_1_189' title='bbox 1755 1961 1831 1993; x_wconf 88' lang='lat' dir='ltr'>eae</span> <span class='ocrx_word' id='word_1_190' title='bbox 1868 1941 2173 1993; x_wconf 83' lang='lat' dir='ltr'>differentiae</span> <span class='ocrx_word' id='word_1_191' title='bbox 2207 1960 2304 2009; x_wconf 88' lang='lat' dir='ltr'>per</span> 
     </span>
     <span class='ocr_line' id='line_1_22' title="bbox 147 2029 2302 2100; baseline -0.003 -11"><span class='ocrx_word' id='word_1_192' title='bbox 147 2054 421 2089; x_wconf 91' lang='lat' dir='ltr'>numerum</span> <span class='ocrx_word' id='word_1_193' title='bbox 459 2032 841 2085; x_wconf 87' lang='lat' dir='ltr'>oscillationum</span> <span class='ocrx_word' id='word_1_194' title='bbox 866 2031 919 2081; x_wconf 91' lang='lat' dir='ltr'>in</span> <span class='ocrx_word' id='word_1_195' title='bbox 946 2049 1068 2082; x_wconf 87' lang='lat' dir='ltr'>casu</span> <span class='ocrx_word' id='word_1_196' title='bbox 1092 2049 1421 2100; x_wconf 86' lang='lat' dir='ltr'>unoquoque,</span> <span class='ocrx_word' id='word_1_197' title='bbox 1462 2041 1513 2082; x_wconf 91' lang='lat' dir='ltr'>et</span> <span class='ocrx_word' id='word_1_198' title='bbox 1537 2031 1591 2082; x_wconf 92' lang='lat' dir='ltr'>in</span> <span class='ocrx_word' id='word_1_199' title='bbox 1617 2030 1936 2083; x_wconf 85' lang='lat' dir='ltr'>oscillatione</span> <span class='ocrx_word' id='word_1_200' title='bbox 1962 2029 2065 2082; x_wconf 68' lang='lat' dir='ltr'>une</span> <span class='ocrx_word' id='word_1_201' title='bbox 2103 2030 2302 2082; x_wconf 89' lang='lat' dir='ltr'>medio-</span> 
     </span>
     <span class='ocr_line' id='line_1_23' title="bbox 139 2118 2302 2197; baseline -0.005 -17"><span class='ocrx_word' id='word_1_202' title='bbox 139 2130 238 2193; x_wconf 90' lang='lat' dir='ltr'>·cri,</span> <span class='ocrx_word' id='word_1_203' title='bbox 267 2126 368 2197; x_wconf 66' lang='lat' dir='ltr'>qua</span> <span class='ocrx_word' id='word_1_204' title='bbox 394 2143 545 2177; x_wconf 87' lang='lat' dir='ltr'>arcus</span> <span class='ocrx_word' id='word_1_205' title='bbox 572 2118 850 2194; x_wconf 87' lang='lat' dir='ltr'>digitorum</span> <span class='ocrx_word' id='word_1_206' title='bbox 882 2122 963 2185; x_wconf 63' lang='grc' dir='ltr'>ΒΞ,</span> <span class='ocrx_word' id='word_1_207' title='bbox 985 2124 1069 2186; x_wconf 58' lang='grc' dir='ltr'>7ὲ,</span> <span class='ocrx_word' id='word_1_208' title='bbox 1103 2127 1185 2182; x_wconf 87' lang='grc'><strong>15,</strong></span> <span class='ocrx_word' id='word_1_209' title='bbox 1208 2129 1292 2183; x_wconf 84' lang='grc'>30,</span> <span class='ocrx_word' id='word_1_210' title='bbox 1319 2128 1403 2183; x_wconf 90' lang='grc'>60,</span> <span class='ocrx_word' id='word_1_211' title='bbox 1427 2126 1530 2173; x_wconf 75' lang='grc'><strong>120</strong></span> <span class='ocrx_word' id='word_1_212' title='bbox 1556 2120 1845 2189; x_wconf 89' lang='lat' dir='ltr'>descriptus</span> <span class='ocrx_word' id='word_1_213' title='bbox 1870 2119 1983 2182; x_wconf 90' lang='lat' dir='ltr'>fuit,</span> <span class='ocrx_word' id='word_1_214' title='bbox 2012 2119 2302 2171; x_wconf 87' lang='lat' dir='ltr'>differentia</span> 
     </span>
     <span class='ocr_line' id='line_1_24' title="bbox 147 2209 2298 2279; baseline -0.004 -11"><span class='ocrx_word' id='word_1_215' title='bbox 147 2234 357 2268; x_wconf 91' lang='lat' dir='ltr'>arcuum</span> <span class='ocrx_word' id='word_1_216' title='bbox 397 2214 650 2265; x_wconf 89' lang='lat' dir='ltr'>descensu</span> <span class='ocrx_word' id='word_1_217' title='bbox 676 2221 728 2262; x_wconf 89' lang='lat' dir='ltr'>et</span> <span class='ocrx_word' id='word_1_218' title='bbox 753 2210 1098 2279; x_wconf 83' lang='lat' dir='ltr'>subsequente</span> <span class='ocrx_word' id='word_1_219' title='bbox 1134 2227 1350 2261; x_wconf 89' lang='lat' dir='ltr'>ascensu</span> <span class='ocrx_word' id='word_1_220' title='bbox 1377 2209 1773 2279; x_wconf 87' lang='lat' dir='ltr'>descriptorum,</span> <span class='ocrx_word' id='word_1_221' title='bbox 1814 2210 1913 2261; x_wconf 92' lang='lat' dir='ltr'>erit</span> <span class='ocrx_word' id='word_1_222' title='bbox 1937 2210 2052 2274; x_wconf 49' lang='grc' dir='ltr'>ἷξες,</span> <span class='ocrx_word' id='word_1_223' title='bbox 2076 2210 2191 2274; x_wconf 54' lang='grc' dir='ltr'>Ξὲῖ,</span> <span class='ocrx_word' id='word_1_224' title='bbox 2215 2211 2298 2275; x_wconf 57' lang='lat'>3¹35&gt;</span> 
     </span>
     <span class='ocr_line' id='line_1_25' title="bbox 148 2297 2299 2371; baseline -0.004 -15"><span class='ocrx_word' id='word_1_225' title='bbox 148 2306 231 2371; x_wconf 66' lang='lat' dir='ltr'>74T³</span> <span class='ocrx_word' id='word_1_226' title='bbox 255 2304 337 2369; x_wconf 52' lang='grc' dir='ltr'>ᾖ,</span> <span class='ocrx_word' id='word_1_227' title='bbox 363 2302 430 2369; x_wconf 57' lang='grc' dir='ltr'>ἐξ</span> <span class='ocrx_word' id='word_1_228' title='bbox 454 2311 627 2371; x_wconf 88' lang='lat' dir='ltr'>partes</span> <span class='ocrx_word' id='word_1_229' title='bbox 653 2299 802 2371; x_wconf 83' lang='lat' dir='ltr'>digiti</span> <span class='ocrx_word' id='word_1_230' title='bbox 826 2298 1124 2367; x_wconf 78' lang='lat' dir='ltr'>respective.</span> <span class='ocrx_word' id='word_1_231' title='bbox 1179 2297 1234 2366; x_wconf 70' lang='lat' dir='ltr'>(f)</span> <span class='ocrx_word' id='word_1_232' title='bbox 1260 2297 1367 2349; x_wconf 88' lang='lat' dir='ltr'>Hae</span> <span class='ocrx_word' id='word_1_233' title='bbox 1387 2307 1561 2350; x_wconf 86' lang='lat' dir='ltr'>autem</span> <span class='ocrx_word' id='word_1_234' title='bbox 1584 2298 1640 2350; x_wconf 87' lang='lat' dir='ltr'>in</span> <span class='ocrx_word' id='word_1_235' title='bbox 1663 2298 1944 2368; x_wconf 86' lang='lat' dir='ltr'>majoribus</span> <span class='ocrx_word' id='word_1_236' title='bbox 1965 2298 2299 2352; x_wconf 90' lang='lat' dir='ltr'>oscillationi-</span> 
     </span>
    </p>
   </div>
   <div class='ocr_carea' id='block_1_5' title="bbox 1244 2480 2296 2521">
    <p class='ocr_par' dir='ltr' id='par_1_5' title="bbox 1244 2480 2296 2521">
     <span class='ocr_line' id='line_1_26' title="bbox 1244 2480 2296 2521; baseline 0 -2"><span class='ocrx_word' id='word_1_237' title='bbox 1244 2480 1445 2519; x_wconf 86' lang='lat' dir='ltr'>ratiocinio</span> <span class='ocrx_word' id='word_1_238' title='bbox 1476 2481 1527 2519; x_wconf 91' lang='lat' dir='ltr'>ad</span> <span class='ocrx_word' id='word_1_239' title='bbox 1557 2486 1643 2520; x_wconf 88' lang='lat'>164.</span> <span class='ocrx_word' id='word_1_240' title='bbox 1676 2481 1933 2520; x_wconf 85' lang='lat' dir='ltr'>oscillationes</span> <span class='ocrx_word' id='word_1_241' title='bbox 1964 2482 2189 2521; x_wconf 88' lang='lat' dir='ltr'>continuato</span> <span class='ocrx_word' id='word_1_242' title='bbox 2221 2481 2296 2519; x_wconf 85' lang='lat' dir='ltr'>dif-</span> 
     </span>
    </p>
   </div>
   <div class='ocr_carea' id='block_1_6' title="bbox 149 2476 2298 2585">
    <p class='ocr_par' dir='ltr' id='par_1_6' title="bbox 149 2476 2298 2585">
     <span class='ocr_line' id='line_1_27' title="bbox 149 2476 1188 2534; baseline -0.007 -9"><span class='ocrx_word' id='word_1_243' title='bbox 149 2476 324 2525; x_wconf 75' lang='lat' dir='ltr'>cenffiim</span> <span class='ocrx_word' id='word_1_244' title='bbox 342 2483 586 2523; x_wconf 90' lang='lat' dir='ltr'>oscillationis</span> <span class='ocrx_word' id='word_1_245' title='bbox 604 2490 643 2521; x_wconf 84' lang='lat' dir='ltr'>et</span> <span class='ocrx_word' id='word_1_246' title='bbox 661 2480 857 2534; x_wconf 87' lang='lat' dir='ltr'>quomodo</span> <span class='ocrx_word' id='word_1_247' title='bbox 875 2480 1037 2519; x_wconf 88' lang='lat' dir='ltr'>inveniri</span> <span class='ocrx_word' id='word_1_248' title='bbox 1058 2481 1188 2530; x_wconf 83' lang='lat' dir='ltr'>possit,</span> 
     </span>
     <span class='ocr_line' id='line_1_28' title="bbox 1246 2534 2298 2585; baseline 0 -13"><span class='ocrx_word' id='word_1_249' title='bbox 1246 2535 1410 2572; x_wconf 87' lang='lat' dir='ltr'>ferentia</span> <span class='ocrx_word' id='word_1_250' title='bbox 1440 2535 1540 2572; x_wconf 89' lang='lat' dir='ltr'>inter</span> <span class='ocrx_word' id='word_1_251' title='bbox 1571 2534 1817 2573; x_wconf 85' lang='lat' dir='ltr'>altitudinem</span> <span class='ocrx_word' id='word_1_252' title='bbox 1851 2548 1872 2573; x_wconf 93' lang='lat' dir='ltr'>e</span> <span class='ocrx_word' id='word_1_253' title='bbox 1899 2535 1976 2585; x_wconf 72' lang='lat' dir='ltr'>qua</span> <span class='ocrx_word' id='word_1_254' title='bbox 2004 2549 2143 2583; x_wconf 89' lang='lat' dir='ltr'>corpus</span> <span class='ocrx_word' id='word_1_255' title='bbox 2171 2534 2298 2584; x_wconf 74' lang='lat' dir='ltr'>prime</span> 
     </span>
    </p>
   </div>
   <div class='ocr_carea' id='block_1_7' title="bbox 149 2535 1187 2585">
    <p class='ocr_par' dir='ltr' id='par_1_7' title="bbox 149 2535 1187 2585">
     <span class='ocr_line' id='line_1_29' title="bbox 149 2535 1187 2585; baseline -0.005 -8"><span class='ocrx_word' id='word_1_256' title='bbox 149 2541 404 2578; x_wconf 84' lang='lat' dir='ltr'>indicavimus</span> <span class='ocrx_word' id='word_1_257' title='bbox 431 2539 473 2575; x_wconf 92' lang='lat' dir='ltr'>in</span> <span class='ocrx_word' id='word_1_258' title='bbox 504 2537 648 2575; x_wconf 87' lang='lat' dir='ltr'>scholio</span> <span class='ocrx_word' id='word_1_259' title='bbox 674 2543 761 2585; x_wconf 86' lang='lat' dir='ltr'>post</span> <span class='ocrx_word' id='word_1_260' title='bbox 779 2543 910 2574; x_wconf 90' lang='lat' dir='ltr'>notam</span> <span class='ocrx_word' id='word_1_261' title='bbox 930 2540 1019 2573; x_wconf 87' lang='lat'>478.</span> <span class='ocrx_word' id='word_1_262' title='bbox 1039 2536 1128 2574; x_wconf 85' lang='lat' dir='ltr'>Lib.</span> <span class='ocrx_word' id='word_1_263' title='bbox 1152 2535 1187 2572; x_wconf 91' lang='grc' dir='ltr'>Ι.</span> 
     </span>
    </p>
   </div>
   <div class='ocr_carea' id='block_1_8' title="bbox 150 2588 1198 3919">
    <p class='ocr_par' dir='ltr' id='par_1_8' title="bbox 150 2588 1194 2801">
     <span class='ocr_line' id='line_1_30' title="bbox 154 2588 1192 2642; baseline -0.007 -11"><span class='ocrx_word' id='word_1_264' title='bbox 154 2593 210 2631; x_wconf 85' lang='lat' dir='ltr'>Et</span> <span class='ocrx_word' id='word_1_265' title='bbox 227 2606 273 2631; x_wconf 87' lang='lat' dir='ltr'>ex</span> <span class='ocrx_word' id='word_1_266' title='bbox 293 2593 353 2630; x_wconf 88' lang='lat' dir='ltr'>his</span> <span class='ocrx_word' id='word_1_267' title='bbox 370 2605 456 2642; x_wconf 88' lang='lat' dir='ltr'>quae</span> <span class='ocrx_word' id='word_1_268' title='bbox 476 2590 529 2629; x_wconf 88' lang='lat' dir='ltr'>ibi</span> <span class='ocrx_word' id='word_1_269' title='bbox 550 2590 651 2628; x_wconf 86' lang='lat' dir='ltr'>dieta</span> <span class='ocrx_word' id='word_1_270' title='bbox 669 2597 772 2636; x_wconf 90' lang='lat' dir='ltr'>sunt,</span> <span class='ocrx_word' id='word_1_271' title='bbox 801 2589 890 2627; x_wconf 89' lang='lat' dir='ltr'>satis</span> <span class='ocrx_word' id='word_1_272' title='bbox 908 2588 1029 2638; x_wconf 87' lang='lat' dir='ltr'>liquet</span> <span class='ocrx_word' id='word_1_273' title='bbox 1047 2589 1088 2625; x_wconf 92' lang='lat' dir='ltr'>in</span> <span class='ocrx_word' id='word_1_274' title='bbox 1107 2589 1192 2626; x_wconf 90' lang='lat' dir='ltr'>lon-</span> 
     </span>
     <span class='ocr_line' id='line_1_31' title="bbox 150 2641 1194 2697; baseline -0.006 -13"><span class='ocrx_word' id='word_1_275' title='bbox 150 2647 320 2697; x_wconf 89' lang='lat' dir='ltr'>gioribus</span> <span class='ocrx_word' id='word_1_276' title='bbox 337 2644 515 2694; x_wconf 90' lang='lat' dir='ltr'>pendulis</span> <span class='ocrx_word' id='word_1_277' title='bbox 539 2642 704 2694; x_wconf 83' lang='lat' dir='ltr'>graviori</span> <span class='ocrx_word' id='word_1_278' title='bbox 721 2643 839 2693; x_wconf 87' lang='lat' dir='ltr'>globo</span> <span class='ocrx_word' id='word_1_279' title='bbox 856 2641 1052 2679; x_wconf 85' lang='lat' dir='ltr'>instructis</span> <span class='ocrx_word' id='word_1_280' title='bbox 1070 2650 1109 2679; x_wconf 90' lang='lat' dir='ltr'>et</span> <span class='ocrx_word' id='word_1_281' title='bbox 1127 2641 1194 2678; x_wconf 88' lang='lat' dir='ltr'>filo</span> 
     </span>
     <span class='ocr_line' id='line_1_32' title="bbox 150 2694 1193 2746; baseline -0.006 -9"><span class='ocrx_word' id='word_1_282' title='bbox 150 2700 271 2745; x_wconf 87' lang='lat' dir='ltr'>tenui,</span> <span class='ocrx_word' id='word_1_283' title='bbox 310 2706 486 2737; x_wconf 87' lang='lat' dir='ltr'>centrum</span> <span class='ocrx_word' id='word_1_284' title='bbox 520 2695 770 2735; x_wconf 86' lang='lat' dir='ltr'>oscillationis</span> <span class='ocrx_word' id='word_1_285' title='bbox 800 2708 893 2734; x_wconf 89' lang='lat' dir='ltr'>cum</span> <span class='ocrx_word' id='word_1_286' title='bbox 924 2702 1056 2733; x_wconf 86' lang='lat' dir='ltr'>centro</span> <span class='ocrx_word' id='word_1_287' title='bbox 1087 2694 1193 2746; x_wconf 87' lang='lat' dir='ltr'>globi</span> 
     </span>
     <span class='ocr_line' id='line_1_33' title="bbox 150 2748 702 2801; baseline -0.007 -11"><span class='ocrx_word' id='word_1_288' title='bbox 150 2753 365 2791; x_wconf 90' lang='lat' dir='ltr'>coincidere</span> <span class='ocrx_word' id='word_1_289' title='bbox 383 2751 499 2801; x_wconf 76' lang='lat' dir='ltr'>quam</span> <span class='ocrx_word' id='word_1_290' title='bbox 518 2748 702 2799; x_wconf 84' lang='lat' dir='ltr'>proxime.</span> 
     </span>
    </p>

    <p class='ocr_par' dir='ltr' id='par_1_9' title="bbox 151 2803 1194 2961">
     <span class='ocr_line' id='line_1_34' title="bbox 207 2803 1193 2857; baseline -0.004 -13"><span class='ocrx_word' id='word_1_291' title='bbox 207 2806 259 2857; x_wconf 72' lang='lat' dir='ltr'>(d)</span> <span class='ocrx_word' id='word_1_292' title='bbox 282 2809 303 2830; x_wconf 71' lang='lat'>³¹²</span> <span class='ocrx_word' id='word_1_293' title='bbox 325 2809 434 2844; x_wconf 85' lang='lat' dir='ltr'>Idem</span> <span class='ocrx_word' id='word_1_294' title='bbox 452 2805 738 2842; x_wconf 67' lang='lat' dir='ltr'>osculationibus</span> <span class='ocrx_word' id='word_1_295' title='bbox 759 2806 847 2840; x_wconf 87' lang='grc'><strong>164.</strong></span> <span class='ocrx_word' id='word_1_296' title='bbox 871 2803 998 2840; x_wconf 79' lang='lat' dir='ltr'>amisit</span> <span class='ocrx_word' id='word_1_297' title='bbox 1019 2808 1193 2840; x_wconf 82' lang='lat' dir='ltr'>octavam</span> 
     </span>
     <span class='ocr_line' id='line_1_35' title="bbox 151 2857 1194 2907; baseline -0.005 -9"><span class='ocrx_word' id='word_1_298' title='bbox 151 2859 274 2898; x_wconf 69' lang='lat' dir='ltr'>monis</span> <span class='ocrx_word' id='word_1_299' title='bbox 292 2861 353 2897; x_wconf 84' lang='lat' dir='ltr'>sui</span> <span class='ocrx_word' id='word_1_300' title='bbox 364 2866 529 2907; x_wconf 74' lang='lat' dir='ltr'>partem,</span> <span class='ocrx_word' id='word_1_301' title='bbox 559 2859 612 2895; x_wconf 82' lang='lat' dir='ltr'>sic</span> <span class='ocrx_word' id='word_1_302' title='bbox 630 2864 677 2895; x_wconf 81' lang='lat' dir='ltr'>ut</span> <span class='ocrx_word' id='word_1_303' title='bbox 702 2858 836 2895; x_wconf 84' lang='lat' dir='ltr'>ultimo</span> <span class='ocrx_word' id='word_1_304' title='bbox 863 2869 931 2894; x_wconf 83' lang='lat' dir='ltr'>suo</span> <span class='ocrx_word' id='word_1_305' title='bbox 951 2868 1110 2894; x_wconf 82' lang='lat' dir='ltr'>ascensu</span> <span class='ocrx_word' id='word_1_306' title='bbox 1130 2857 1194 2893; x_wconf 86' lang='lat' dir='ltr'>de-</span> 
     </span>
     <span class='ocr_line' id='line_1_36' title="bbox 152 2907 687 2961; baseline -0.009 -10"><span class='ocrx_word' id='word_1_307' title='bbox 152 2914 327 2952; x_wconf 79' lang='lat' dir='ltr'>scriberet</span> <span class='ocrx_word' id='word_1_308' title='bbox 345 2925 485 2950; x_wconf 83' lang='lat' dir='ltr'>arcum</span> <span class='ocrx_word' id='word_1_309' title='bbox 503 2912 610 2959; x_wconf 80' lang='lat' dir='ltr'>digiti</span> <span class='ocrx_word' id='word_1_310' title='bbox 625 2907 687 2961; x_wconf 50' lang='lat'>13.</span> 
     </span>
    </p>

    <p class='ocr_par' dir='ltr' id='par_1_10' title="bbox 151 2960 1198 3919">
     <span class='ocr_line' id='line_1_37' title="bbox 209 2960 1194 3016; baseline -0.004 -14"><span class='ocrx_word' id='word_1_311' title='bbox 209 2969 231 2991; x_wconf 70' lang='lat'>²*</span> <span class='ocrx_word' id='word_1_312' title='bbox 255 2965 397 3016; x_wconf 86' lang='lat' dir='ltr'>Liquet</span> <span class='ocrx_word' id='word_1_313' title='bbox 417 2966 482 3015; x_wconf 86' lang='lat' dir='ltr'>(ex</span> <span class='ocrx_word' id='word_1_314' title='bbox 502 2963 593 3000; x_wconf 72' lang='lat' dir='ltr'>nota</span> <span class='ocrx_word' id='word_1_315' title='bbox 615 2962 671 3014; x_wconf 52' lang='grc' dir='ltr'>(ὃ)</span> <span class='ocrx_word' id='word_1_316' title='bbox 687 2960 943 3012; x_wconf 75' lang='lat' dir='ltr'>praecedente)</span> <span class='ocrx_word' id='word_1_317' title='bbox 965 2960 1069 3012; x_wconf 90' lang='lat' dir='ltr'>quod</span> <span class='ocrx_word' id='word_1_318' title='bbox 1083 2960 1194 2999; x_wconf 80' lang='lat' dir='ltr'>diffe-</span> 
     </span>
     <span class='ocr_line' id='line_1_38' title="bbox 153 3015 1194 3064; baseline -0.006 -7"><span class='ocrx_word' id='word_1_319' title='bbox 153 3018 275 3057; x_wconf 88' lang='lat' dir='ltr'>rentia</span> <span class='ocrx_word' id='word_1_320' title='bbox 290 3019 387 3056; x_wconf 87' lang='lat' dir='ltr'>inter</span> <span class='ocrx_word' id='word_1_321' title='bbox 405 3029 537 3055; x_wconf 88' lang='lat' dir='ltr'>arcum</span> <span class='ocrx_word' id='word_1_322' title='bbox 553 3016 737 3053; x_wconf 89' lang='lat' dir='ltr'>descensu</span> <span class='ocrx_word' id='word_1_323' title='bbox 752 3015 987 3064; x_wconf 87' lang='lat' dir='ltr'>descriptum</span> <span class='ocrx_word' id='word_1_324' title='bbox 1005 3023 1042 3052; x_wconf 92' lang='lat' dir='ltr'>et</span> <span class='ocrx_word' id='word_1_325' title='bbox 1060 3027 1194 3052; x_wconf 88' lang='lat' dir='ltr'>arcum</span> 
     </span>
     <span class='ocr_line' id='line_1_39' title="bbox 153 3067 1194 3120; baseline -0.004 -10"><span class='ocrx_word' id='word_1_326' title='bbox 153 3085 312 3110; x_wconf 86' lang='lat' dir='ltr'>ascensu</span> <span class='ocrx_word' id='word_1_327' title='bbox 338 3073 593 3120; x_wconf 85' lang='lat' dir='ltr'>subsequente</span> <span class='ocrx_word' id='word_1_328' title='bbox 620 3069 853 3117; x_wconf 88' lang='lat' dir='ltr'>descriptum</span> <span class='ocrx_word' id='word_1_329' title='bbox 872 3069 920 3106; x_wconf 87' lang='lat' dir='ltr'>sit</span> <span class='ocrx_word' id='word_1_330' title='bbox 938 3068 1008 3106; x_wconf 87' lang='lat' dir='ltr'>toti</span> <span class='ocrx_word' id='word_1_331' title='bbox 1027 3067 1194 3106; x_wconf 84' lang='lat' dir='ltr'>retarda-</span> 
     </span>
     <span class='ocr_line' id='line_1_40' title="bbox 153 3121 1195 3176; baseline -0.004 -13"><span class='ocrx_word' id='word_1_332' title='bbox 153 3125 249 3163; x_wconf 86' lang='lat' dir='ltr'>tioni</span> <span class='ocrx_word' id='word_1_333' title='bbox 284 3137 402 3176; x_wconf 89' lang='lat' dir='ltr'>quam</span> <span class='ocrx_word' id='word_1_334' title='bbox 437 3136 575 3171; x_wconf 87' lang='lat' dir='ltr'>corpus</span> <span class='ocrx_word' id='word_1_335' title='bbox 610 3135 764 3171; x_wconf 88' lang='lat' dir='ltr'>passum</span> <span class='ocrx_word' id='word_1_336' title='bbox 800 3129 858 3160; x_wconf 86' lang='lat' dir='ltr'>est</span> <span class='ocrx_word' id='word_1_337' title='bbox 887 3121 1195 3171; x_wconf 85' lang='lat' dir='ltr'>proportionalis,</span> 
     </span>
     <span class='ocr_line' id='line_1_41' title="bbox 153 3174 1194 3229; baseline -0.005 -13"><span class='ocrx_word' id='word_1_338' title='bbox 153 3178 316 3229; x_wconf 83' lang='lat' dir='ltr'>ide6que</span> <span class='ocrx_word' id='word_1_339' title='bbox 328 3176 450 3215; x_wconf 89' lang='lat' dir='ltr'>motui</span> <span class='ocrx_word' id='word_1_340' title='bbox 465 3176 656 3214; x_wconf 87' lang='lat' dir='ltr'>destructo</span> <span class='ocrx_word' id='word_1_341' title='bbox 670 3188 737 3224; x_wconf 88' lang='lat' dir='ltr'>per</span> <span class='ocrx_word' id='word_1_342' title='bbox 748 3175 969 3213; x_wconf 84' lang='lat' dir='ltr'>resistentiae</span> <span class='ocrx_word' id='word_1_343' title='bbox 983 3174 1194 3221; x_wconf 81' lang='lat' dir='ltr'>actionem3</span> 
     </span>
     <span class='ocr_line' id='line_1_42' title="bbox 152 3227 1198 3280; baseline -0.005 -10"><span class='ocrx_word' id='word_1_344' title='bbox 152 3231 332 3270; x_wconf 82' lang='lat' dir='ltr'>ascendat</span> <span class='ocrx_word' id='word_1_345' title='bbox 348 3230 477 3280; x_wconf 87' lang='lat' dir='ltr'>itaque</span> <span class='ocrx_word' id='word_1_346' title='bbox 495 3242 632 3277; x_wconf 85' lang='lat' dir='ltr'>corpus</span> <span class='ocrx_word' id='word_1_347' title='bbox 651 3231 692 3265; x_wconf 85' lang='lat' dir='ltr'>in</span> <span class='ocrx_word' id='word_1_348' title='bbox 710 3229 788 3266; x_wconf 88' lang='lat' dir='ltr'>fine</span> <span class='ocrx_word' id='word_1_349' title='bbox 801 3229 936 3277; x_wconf 86' lang='lat' dir='ltr'>primae</span> <span class='ocrx_word' id='word_1_350' title='bbox 951 3227 1198 3266; x_wconf 85' lang='lat' dir='ltr'>oscillationis</span> 
     </span>
     <span class='ocr_line' id='line_1_43' title="bbox 151 3280 1197 3333; baseline -0.006 -10"><span class='ocrx_word' id='word_1_351' title='bbox 151 3285 202 3323; x_wconf 87' lang='lat' dir='ltr'>ad</span> <span class='ocrx_word' id='word_1_352' title='bbox 220 3283 464 3323; x_wconf 83' lang='lat' dir='ltr'>altitudinem</span> <span class='ocrx_word' id='word_1_353' title='bbox 491 3282 812 3333; x_wconf 85' lang='lat' dir='ltr'>qualemcunque,</span> <span class='ocrx_word' id='word_1_354' title='bbox 842 3290 1094 3331; x_wconf 87' lang='lat' dir='ltr'>sumaturque</span> <span class='ocrx_word' id='word_1_355' title='bbox 1121 3280 1197 3318; x_wconf 85' lang='lat' dir='ltr'>dif-</span> 
     </span>
     <span class='ocr_line' id='line_1_44' title="bbox 153 3334 1197 3383; baseline -0.005 -7"><span class='ocrx_word' id='word_1_356' title='bbox 153 3338 314 3376; x_wconf 81' lang='lat' dir='ltr'>ferentia</span> <span class='ocrx_word' id='word_1_357' title='bbox 332 3336 442 3375; x_wconf 71' lang='lat' dir='ltr'>arcus</span> <span class='ocrx_word' id='word_1_358' title='bbox 459 3348 618 3373; x_wconf 84' lang='lat' dir='ltr'>ascensu</span> <span class='ocrx_word' id='word_1_359' title='bbox 636 3334 814 3383; x_wconf 89' lang='lat' dir='ltr'>descripti</span> <span class='ocrx_word' id='word_1_360' title='bbox 833 3336 881 3372; x_wconf 92' lang='lat' dir='ltr'>ab</span> <span class='ocrx_word' id='word_1_361' title='bbox 900 3347 991 3372; x_wconf 89' lang='lat' dir='ltr'>arcu</span> <span class='ocrx_word' id='word_1_362' title='bbox 1010 3334 1197 3372; x_wconf 85' lang='lat' dir='ltr'>descensu</span> 
     </span>
     <span class='ocr_line' id='line_1_45' title="bbox 152 3386 1196 3441; baseline -0.005 -11"><span class='ocrx_word' id='word_1_363' title='bbox 152 3392 277 3441; x_wconf 87' lang='lat' dir='ltr'>primo</span> <span class='ocrx_word' id='word_1_364' title='bbox 297 3389 485 3439; x_wconf 85' lang='lat' dir='ltr'>percursi:</span> <span class='ocrx_word' id='word_1_365' title='bbox 520 3386 691 3426; x_wconf 62' lang='lat' dir='ltr'>secunde.</span> <span class='ocrx_word' id='word_1_366' title='bbox 716 3387 952 3425; x_wconf 83' lang='lat' dir='ltr'>oscillatione</span> <span class='ocrx_word' id='word_1_367' title='bbox 979 3400 1117 3435; x_wconf 89' lang='lat' dir='ltr'>corpus</span> <span class='ocrx_word' id='word_1_368' title='bbox 1135 3400 1196 3425; x_wconf 84' lang='lat' dir='ltr'>as-</span> 
     </span>
     <span class='ocr_line' id='line_1_46' title="bbox 153 3440 1196 3493; baseline -0.004 -11"><span class='ocrx_word' id='word_1_369' title='bbox 153 3445 315 3493; x_wconf 84' lang='lat' dir='ltr'>cendere</span> <span class='ocrx_word' id='word_1_370' title='bbox 333 3443 489 3481; x_wconf 78' lang='lat' dir='ltr'>deberet</span> <span class='ocrx_word' id='word_1_371' title='bbox 506 3442 548 3478; x_wconf 90' lang='lat' dir='ltr'>in</span> <span class='ocrx_word' id='word_1_372' title='bbox 562 3453 682 3479; x_wconf 90' lang='lat' dir='ltr'>vacuo</span> <span class='ocrx_word' id='word_1_373' title='bbox 700 3440 750 3478; x_wconf 81' lang='lat' dir='ltr'>ad</span> <span class='ocrx_word' id='word_1_374' title='bbox 768 3453 855 3478; x_wconf 86' lang='lat' dir='ltr'>eam</span> <span class='ocrx_word' id='word_1_375' title='bbox 872 3440 1118 3478; x_wconf 88' lang='lat' dir='ltr'>altitudinem</span> <span class='ocrx_word' id='word_1_376' title='bbox 1144 3441 1196 3478; x_wconf 85' lang='lat' dir='ltr'>ad</span> 
     </span>
     <span class='ocr_line' id='line_1_47' title="bbox 151 3493 1198 3548; baseline -0.005 -12"><span class='ocrx_word' id='word_1_377' title='bbox 151 3510 268 3548; x_wconf 88' lang='lat' dir='ltr'>quam</span> <span class='ocrx_word' id='word_1_378' title='bbox 286 3497 328 3534; x_wconf 92' lang='lat' dir='ltr'>in</span> <span class='ocrx_word' id='word_1_379' title='bbox 346 3497 424 3533; x_wconf 88' lang='lat' dir='ltr'>fine</span> <span class='ocrx_word' id='word_1_380' title='bbox 450 3495 584 3543; x_wconf 81' lang='lat' dir='ltr'>primae</span> <span class='ocrx_word' id='word_1_381' title='bbox 602 3493 847 3531; x_wconf 81' lang='lat' dir='ltr'>oscillationis</span> <span class='ocrx_word' id='word_1_382' title='bbox 863 3500 1130 3539; x_wconf 88' lang='lat' dir='ltr'>assurrexerat,</span> <span class='ocrx_word' id='word_1_383' title='bbox 1158 3500 1198 3531; x_wconf 89' lang='lat' dir='ltr'>et</span> 
     </span>
     <span class='ocr_line' id='line_1_48' title="bbox 152 3546 1194 3600; baseline -0.006 -11"><span class='ocrx_word' id='word_1_384' title='bbox 152 3558 327 3589; x_wconf 87' lang='lat' dir='ltr'>sumatur</span> <span class='ocrx_word' id='word_1_385' title='bbox 354 3548 459 3600; x_wconf 85' lang='lat' dir='ltr'>quod</span> <span class='ocrx_word' id='word_1_386' title='bbox 486 3548 592 3585; x_wconf 87' lang='lat' dir='ltr'>deest</span> <span class='ocrx_word' id='word_1_387' title='bbox 617 3546 659 3583; x_wconf 90' lang='lat' dir='ltr'>in</span> <span class='ocrx_word' id='word_1_388' title='bbox 686 3546 856 3584; x_wconf 86' lang='lat' dir='ltr'>secundo</span> <span class='ocrx_word' id='word_1_389' title='bbox 875 3559 1035 3584; x_wconf 82' lang='lat' dir='ltr'>ascensu</span> <span class='ocrx_word' id='word_1_390' title='bbox 1052 3548 1101 3584; x_wconf 90' lang='lat' dir='ltr'>ab</span> <span class='ocrx_word' id='word_1_391' title='bbox 1128 3546 1194 3583; x_wconf 68' lang='lat' dir='ltr'>illa</span> 
     </span>
     <span class='ocr_line' id='line_1_49' title="bbox 153 3599 1196 3647; baseline -0.006 -5"><span class='ocrx_word' id='word_1_392' title='bbox 153 3603 372 3647; x_wconf 83' lang='lat' dir='ltr'>altitudine,</span> <span class='ocrx_word' id='word_1_393' title='bbox 407 3601 496 3639; x_wconf 88' lang='lat' dir='ltr'>duae</span> <span class='ocrx_word' id='word_1_394' title='bbox 520 3600 597 3637; x_wconf 88' lang='lat' dir='ltr'>illae</span> <span class='ocrx_word' id='word_1_395' title='bbox 624 3599 849 3637; x_wconf 82' lang='lat' dir='ltr'>differentiae</span> <span class='ocrx_word' id='word_1_396' title='bbox 876 3608 968 3637; x_wconf 89' lang='lat' dir='ltr'>sunt</span> <span class='ocrx_word' id='word_1_397' title='bbox 993 3607 1040 3636; x_wconf 89' lang='lat' dir='ltr'>ut</span> <span class='ocrx_word' id='word_1_398' title='bbox 1066 3606 1196 3636; x_wconf 87' lang='lat' dir='ltr'>motus</span> 
     </span>
     <span class='ocr_line' id='line_1_50' title="bbox 152 3652 1196 3708; baseline -0.004 -14"><span class='ocrx_word' id='word_1_399' title='bbox 152 3656 195 3694; x_wconf 90' lang='lat' dir='ltr'>in</span> <span class='ocrx_word' id='word_1_400' title='bbox 213 3656 366 3708; x_wconf 58' lang='lat' dir='ltr'>singule</span> <span class='ocrx_word' id='word_1_401' title='bbox 384 3653 621 3693; x_wconf 89' lang='lat' dir='ltr'>oscillatione</span> <span class='ocrx_word' id='word_1_402' title='bbox 638 3652 778 3696; x_wconf 87' lang='lat' dir='ltr'>amissi,</span> <span class='ocrx_word' id='word_1_403' title='bbox 808 3665 941 3690; x_wconf 84' lang='lat' dir='ltr'>earum</span> <span class='ocrx_word' id='word_1_404' title='bbox 969 3664 1121 3689; x_wconf 86' lang='lat' dir='ltr'>summa</span> <span class='ocrx_word' id='word_1_405' title='bbox 1138 3659 1196 3690; x_wconf 86' lang='lat' dir='ltr'>est</span> 
     </span>
     <span class='ocr_line' id='line_1_51' title="bbox 152 3704 1196 3761; baseline -0.005 -13"><span class='ocrx_word' id='word_1_406' title='bbox 152 3723 246 3761; x_wconf 84' lang='lat' dir='ltr'>ergo</span> <span class='ocrx_word' id='word_1_407' title='bbox 264 3717 309 3747; x_wconf 82' lang='lat' dir='ltr'>ut</span> <span class='ocrx_word' id='word_1_408' title='bbox 335 3720 487 3747; x_wconf 88' lang='lat' dir='ltr'>summa</span> <span class='ocrx_word' id='word_1_409' title='bbox 503 3705 633 3744; x_wconf 73' lang='lat' dir='ltr'>motus</span> <span class='ocrx_word' id='word_1_410' title='bbox 659 3705 786 3743; x_wconf 88' lang='lat' dir='ltr'>amissi</span> <span class='ocrx_word' id='word_1_411' title='bbox 805 3705 846 3742; x_wconf 89' lang='lat' dir='ltr'>in</span> <span class='ocrx_word' id='word_1_412' title='bbox 866 3713 1028 3755; x_wconf 84' lang='lat' dir='ltr'>utraque</span> <span class='ocrx_word' id='word_1_413' title='bbox 1046 3704 1196 3743; x_wconf 86' lang='lat' dir='ltr'>oscilla-</span> 
     </span>
     <span class='ocr_line' id='line_1_52' title="bbox 154 3757 1198 3808; baseline -0.005 -7"><span class='ocrx_word' id='word_1_414' title='bbox 154 3762 270 3808; x_wconf 80' lang='lat' dir='ltr'>tione,</span> <span class='ocrx_word' id='word_1_415' title='bbox 305 3762 372 3800; x_wconf 90' lang='lat' dir='ltr'>sed</span> <span class='ocrx_word' id='word_1_416' title='bbox 398 3761 487 3799; x_wconf 88' lang='lat' dir='ltr'>duae</span> <span class='ocrx_word' id='word_1_417' title='bbox 513 3760 592 3797; x_wconf 84' lang='lat' dir='ltr'>illae</span> <span class='ocrx_word' id='word_1_418' title='bbox 620 3758 844 3796; x_wconf 85' lang='lat' dir='ltr'>differentiae</span> <span class='ocrx_word' id='word_1_419' title='bbox 863 3766 955 3795; x_wconf 87' lang='lat' dir='ltr'>sunt</span> <span class='ocrx_word' id='word_1_420' title='bbox 981 3757 1198 3796; x_wconf 82' lang='lat' dir='ltr'>differentia</span> 
     </span>
     <span class='ocr_line' id='line_1_53' title="bbox 152 3809 1190 3863; baseline -0.007 -9"><span class='ocrx_word' id='word_1_421' title='bbox 152 3816 253 3855; x_wconf 88' lang='lat' dir='ltr'>inter</span> <span class='ocrx_word' id='word_1_422' title='bbox 271 3814 514 3854; x_wconf 86' lang='lat' dir='ltr'>altitudinem</span> <span class='ocrx_word' id='word_1_423' title='bbox 531 3826 554 3851; x_wconf 87' lang='lat' dir='ltr'>e</span> <span class='ocrx_word' id='word_1_424' title='bbox 571 3811 648 3863; x_wconf 68' lang='lat' dir='ltr'>qua</span> <span class='ocrx_word' id='word_1_425' title='bbox 666 3824 804 3860; x_wconf 89' lang='lat' dir='ltr'>corpus</span> <span class='ocrx_word' id='word_1_426' title='bbox 830 3809 957 3860; x_wconf 73' lang='lat' dir='ltr'>prime</span> <span class='ocrx_word' id='word_1_427' title='bbox 985 3810 1190 3856; x_wconf 84' lang='lat' dir='ltr'>descendit,</span> 
     </span>
     <span class='ocr_line' id='line_1_54' title="bbox 153 3863 1194 3919; baseline -0.005 -12"><span class='ocrx_word' id='word_1_428' title='bbox 153 3877 193 3908; x_wconf 87' lang='lat' dir='ltr'>et</span> <span class='ocrx_word' id='word_1_429' title='bbox 211 3868 455 3909; x_wconf 82' lang='lat' dir='ltr'>altitudinem</span> <span class='ocrx_word' id='word_1_430' title='bbox 472 3867 522 3906; x_wconf 89' lang='lat' dir='ltr'>ad</span> <span class='ocrx_word' id='word_1_431' title='bbox 539 3878 658 3919; x_wconf 86' lang='lat' dir='ltr'>quam</span> <span class='ocrx_word' id='word_1_432' title='bbox 675 3863 816 3904; x_wconf 76' lang='lat' dir='ltr'>ultime</span> <span class='ocrx_word' id='word_1_433' title='bbox 842 3863 1047 3904; x_wconf 82' lang='lat' dir='ltr'>assurrexit</span> <span class='ocrx_word' id='word_1_434' title='bbox 1055 3879 1070 3912; x_wconf 69' lang='grc' dir='ltr'>ς</span> <span class='ocrx_word' id='word_1_435' title='bbox 1101 3876 1194 3916; x_wconf 83' lang='lat' dir='ltr'>ergo</span> 
     </span>
    </p>
   </div>
   <div class='ocr_carea' id='block_1_9' title="bbox 1246 2587 2295 2961">
    <p class='ocr_par' dir='ltr' id='par_1_11' title="bbox 1246 2587 2295 2786">
     <span class='ocr_line' id='line_1_55' title="bbox 1247 2587 2294 2638; baseline 0 -13"><span class='ocrx_word' id='word_1_436' title='bbox 1247 2588 1455 2634; x_wconf 89' lang='lat' dir='ltr'>descendit,</span> <span class='ocrx_word' id='word_1_437' title='bbox 1472 2596 1511 2626; x_wconf 83' lang='lat' dir='ltr'>et</span> <span class='ocrx_word' id='word_1_438' title='bbox 1528 2587 1771 2625; x_wconf 88' lang='lat' dir='ltr'>altitudinem</span> <span class='ocrx_word' id='word_1_439' title='bbox 1791 2588 1842 2626; x_wconf 91' lang='lat' dir='ltr'>ad</span> <span class='ocrx_word' id='word_1_440' title='bbox 1860 2601 1977 2638; x_wconf 84' lang='lat' dir='ltr'>quam</span> <span class='ocrx_word' id='word_1_441' title='bbox 1997 2587 2137 2627; x_wconf 74' lang='lat' dir='ltr'>ultime</span> <span class='ocrx_word' id='word_1_442' title='bbox 2165 2601 2294 2626; x_wconf 87' lang='lat' dir='ltr'>assur-</span> 
     </span>
     <span class='ocr_line' id='line_1_56' title="bbox 1246 2641 2294 2691; baseline 0.001 -13"><span class='ocrx_word' id='word_1_443' title='bbox 1246 2642 1355 2684; x_wconf 78' lang='lat' dir='ltr'>rexit,</span> <span class='ocrx_word' id='word_1_444' title='bbox 1386 2651 1443 2679; x_wconf 84' lang='lat' dir='ltr'>est</span> <span class='ocrx_word' id='word_1_445' title='bbox 1460 2649 1506 2678; x_wconf 91' lang='lat' dir='ltr'>ut</span> <span class='ocrx_word' id='word_1_446' title='bbox 1519 2654 1672 2679; x_wconf 88' lang='lat' dir='ltr'>summa</span> <span class='ocrx_word' id='word_1_447' title='bbox 1690 2641 1819 2678; x_wconf 78' lang='lat' dir='ltr'>motfis</span> <span class='ocrx_word' id='word_1_448' title='bbox 1837 2654 1953 2691; x_wconf 90' lang='lat' dir='ltr'>quem</span> <span class='ocrx_word' id='word_1_449' title='bbox 1981 2641 2193 2679; x_wconf 87' lang='lat' dir='ltr'>resistentia</span> <span class='ocrx_word' id='word_1_450' title='bbox 2221 2641 2294 2679; x_wconf 90' lang='lat' dir='ltr'>du-</span> 
     </span>
     <span class='ocr_line' id='line_1_57' title="bbox 1247 2694 2295 2733; baseline 0.003 -3"><span class='ocrx_word' id='word_1_451' title='bbox 1247 2696 1421 2733; x_wconf 84' lang='lat' dir='ltr'>rantibus</span> <span class='ocrx_word' id='word_1_452' title='bbox 1451 2694 1528 2731; x_wconf 84' lang='lat' dir='ltr'>illis</span> <span class='ocrx_word' id='word_1_453' title='bbox 1559 2699 1647 2733; x_wconf 84' lang='lat'>164.</span> <span class='ocrx_word' id='word_1_454' title='bbox 1677 2694 1979 2733; x_wconf 87' lang='lat' dir='ltr'>oscillationibus</span> <span class='ocrx_word' id='word_1_455' title='bbox 2006 2694 2201 2732; x_wconf 86' lang='lat' dir='ltr'>destruere</span> <span class='ocrx_word' id='word_1_456' title='bbox 2229 2707 2295 2733; x_wconf 86' lang='lat' dir='ltr'>va-</span> 
     </span>
     <span class='ocr_line' id='line_1_58' title="bbox 1247 2747 1335 2786; baseline -0.011 -1"><span class='ocrx_word' id='word_1_457' title='bbox 1247 2747 1335 2786; x_wconf 82' lang='lat' dir='ltr'>luit.</span> 
     </span>
    </p>

    <p class='ocr_par' dir='ltr' id='par_1_12' title="bbox 1248 2802 2293 2961">
     <span class='ocr_line' id='line_1_59' title="bbox 1302 2802 2293 2856; baseline -0.001 -16"><span class='ocrx_word' id='word_1_458' title='bbox 1302 2802 1359 2852; x_wconf 68' lang='lat'>(⁹)</span> <span class='ocrx_word' id='word_1_459' title='bbox 1383 2804 1403 2827; x_wconf 67' lang='lat'>²*</span> <span class='ocrx_word' id='word_1_460' title='bbox 1425 2803 1669 2841; x_wconf 73' lang='lat' dir='ltr'>Dividuntur</span> <span class='ocrx_word' id='word_1_461' title='bbox 1685 2815 1739 2840; x_wconf 81' lang='lat' dir='ltr'>ece</span> <span class='ocrx_word' id='word_1_462' title='bbox 1758 2804 1982 2856; x_wconf 62' lang='lat' dir='ltr'>differentia.»</span> <span class='ocrx_word' id='word_1_463' title='bbox 1993 2815 2068 2852; x_wconf 81' lang='lat' dir='ltr'>per</span> <span class='ocrx_word' id='word_1_464' title='bbox 2085 2815 2293 2841; x_wconf 79' lang='lat' dir='ltr'>numerum</span> 
     </span>
     <span class='ocr_line' id='line_1_60' title="bbox 1248 2855 2293 2904; baseline -0.002 -11"><span class='ocrx_word' id='word_1_465' title='bbox 1248 2857 1537 2901; x_wconf 80' lang='lat' dir='ltr'>oscillationum,</span> <span class='ocrx_word' id='word_1_466' title='bbox 1566 2857 1635 2893; x_wconf 58' lang='lat' dir='ltr'>&amp;a</span> <span class='ocrx_word' id='word_1_467' title='bbox 1697 2856 1879 2904; x_wconf 90' lang='lat' dir='ltr'>Exempli</span> <span class='ocrx_word' id='word_1_468' title='bbox 1900 2856 2027 2900; x_wconf 69' lang='lat' dir='ltr'>causa,</span> <span class='ocrx_word' id='word_1_469' title='bbox 2057 2856 2088 2892; x_wconf 91' lang='lat' dir='ltr'>si</span> <span class='ocrx_word' id='word_1_470' title='bbox 2106 2856 2148 2891; x_wconf 92' lang='lat' dir='ltr'>in</span> <span class='ocrx_word' id='word_1_471' title='bbox 2166 2855 2293 2903; x_wconf 87' lang='lat' dir='ltr'>primo</span> 
     </span>
     <span class='ocr_line' id='line_1_61' title="bbox 1248 2907 2293 2961; baseline -0.001 -15"><span class='ocrx_word' id='word_1_472' title='bbox 1248 2921 1339 2946; x_wconf 85' lang='lat' dir='ltr'>casu</span> <span class='ocrx_word' id='word_1_473' title='bbox 1358 2908 1551 2947; x_wconf 87' lang='lat' dir='ltr'>dividatur</span> <span class='ocrx_word' id='word_1_474' title='bbox 1568 2909 1783 2946; x_wconf 85' lang='lat' dir='ltr'>differentia</span> <span class='ocrx_word' id='word_1_475' title='bbox 1796 2908 1824 2961; x_wconf 54' lang='grc' dir='ltr'><strong><em>ἦ</em></strong></span> <span class='ocrx_word' id='word_1_476' title='bbox 1837 2921 1904 2957; x_wconf 92' lang='lat' dir='ltr'>per</span> <span class='ocrx_word' id='word_1_477' title='bbox 1915 2921 2122 2946; x_wconf 87' lang='lat' dir='ltr'>numerum</span> <span class='ocrx_word' id='word_1_478' title='bbox 2142 2907 2293 2946; x_wconf 86' lang='lat' dir='ltr'>oscilla-</span> 
     </span>
    </p>
   </div>
   <div class='ocr_carea' id='block_1_10' title="bbox 1247 2964 2296 3398">
    <p class='ocr_par' dir='ltr' id='par_1_13' title="bbox 1247 2964 2296 3398">
     <span class='ocr_line' id='line_1_62' title="bbox 1247 2964 2295 3027; baseline -0.002 -13"><span class='ocrx_word' id='word_1_479' title='bbox 1247 2976 1401 3014; x_wconf 86' lang='lat' dir='ltr'>tionum</span> <span class='ocrx_word' id='word_1_480' title='bbox 1424 2980 1510 3022; x_wconf 91' lang='lat'>164,</span> <span class='ocrx_word' id='word_1_481' title='bbox 1530 2976 1731 3014; x_wconf 84' lang='lat' dir='ltr'>habebitur</span> <span class='ocrx_word' id='word_1_482' title='bbox 1749 2964 1849 3027; x_wconf 44' lang='grc' dir='ltr'>πῂ</span> <span class='ocrx_word' id='word_1_483' title='bbox 1868 2974 2083 3012; x_wconf 86' lang='lat' dir='ltr'>differentia</span> <span class='ocrx_word' id='word_1_484' title='bbox 2110 2974 2210 3012; x_wconf 88' lang='lat' dir='ltr'>inter</span> <span class='ocrx_word' id='word_1_485' title='bbox 2234 2987 2295 3012; x_wconf 87' lang='lat' dir='ltr'>ar-</span> 
     </span>
     <span class='ocr_line' id='line_1_63' title="bbox 1248 3028 2296 3077; baseline -0.002 -10"><span class='ocrx_word' id='word_1_486' title='bbox 1248 3042 1339 3067; x_wconf 89' lang='lat' dir='ltr'>cum</span> <span class='ocrx_word' id='word_1_487' title='bbox 1366 3029 1552 3067; x_wconf 88' lang='lat' dir='ltr'>descensu</span> <span class='ocrx_word' id='word_1_488' title='bbox 1578 3028 1810 3077; x_wconf 86' lang='lat' dir='ltr'>descriptum</span> <span class='ocrx_word' id='word_1_489' title='bbox 1832 3036 1869 3065; x_wconf 87' lang='lat' dir='ltr'>et</span> <span class='ocrx_word' id='word_1_490' title='bbox 1887 3040 2020 3065; x_wconf 87' lang='lat' dir='ltr'>arcum</span> <span class='ocrx_word' id='word_1_491' title='bbox 2040 3029 2296 3077; x_wconf 87' lang='lat' dir='ltr'>subsequente</span> 
     </span>
     <span class='ocr_line' id='line_1_64' title="bbox 1249 3081 2293 3131; baseline -0.002 -10"><span class='ocrx_word' id='word_1_492' title='bbox 1249 3095 1409 3121; x_wconf 83' lang='lat' dir='ltr'>ascensu</span> <span class='ocrx_word' id='word_1_493' title='bbox 1429 3082 1663 3131; x_wconf 86' lang='lat' dir='ltr'>descriptum</span> <span class='ocrx_word' id='word_1_494' title='bbox 1682 3082 1723 3118; x_wconf 90' lang='lat' dir='ltr'>in</span> <span class='ocrx_word' id='word_1_495' title='bbox 1744 3094 1821 3118; x_wconf 88' lang='lat' dir='ltr'>una</span> <span class='ocrx_word' id='word_1_496' title='bbox 1839 3081 2021 3118; x_wconf 88' lang='lat' dir='ltr'>mediocri</span> <span class='ocrx_word' id='word_1_497' title='bbox 2036 3081 2293 3128; x_wconf 74' lang='lat' dir='ltr'>oscillatior1e5</span> 
     </span>
     <span class='ocr_line' id='line_1_65' title="bbox 1249 3134 2296 3188; baseline -0.003 -14"><span class='ocrx_word' id='word_1_498' title='bbox 1249 3137 1341 3187; x_wconf 88' lang='lat' dir='ltr'>quia</span> <span class='ocrx_word' id='word_1_499' title='bbox 1372 3136 1588 3174; x_wconf 84' lang='lat' dir='ltr'>differentia</span> <span class='ocrx_word' id='word_1_500' title='bbox 1614 3135 1641 3188; x_wconf 62' lang='lat'>3¹3</span> <span class='ocrx_word' id='word_1_501' title='bbox 1667 3147 1715 3172; x_wconf 88' lang='lat' dir='ltr'>ex</span> <span class='ocrx_word' id='word_1_502' title='bbox 1744 3134 1925 3172; x_wconf 86' lang='lat' dir='ltr'>omnibus</span> <span class='ocrx_word' id='word_1_503' title='bbox 1952 3134 2176 3172; x_wconf 72' lang='lat' dir='ltr'>differentiis</span> <span class='ocrx_word' id='word_1_504' title='bbox 2208 3147 2296 3184; x_wconf 90' lang='lat' dir='ltr'>quae</span> 
     </span>
     <span class='ocr_line' id='line_1_66' title="bbox 1249 3187 2293 3239; baseline -0.003 -12"><span class='ocrx_word' id='word_1_505' title='bbox 1249 3202 1319 3239; x_wconf 89' lang='lat' dir='ltr'>per</span> <span class='ocrx_word' id='word_1_506' title='bbox 1336 3189 1591 3227; x_wconf 89' lang='lat' dir='ltr'>oscillationes</span> <span class='ocrx_word' id='word_1_507' title='bbox 1606 3192 1680 3227; x_wconf 88' lang='lat'>164</span> <span class='ocrx_word' id='word_1_508' title='bbox 1694 3187 1976 3237; x_wconf 86' lang='lat' dir='ltr'>producuntur,</span> <span class='ocrx_word' id='word_1_509' title='bbox 1996 3187 2204 3236; x_wconf 89' lang='lat' dir='ltr'>composita</span> <span class='ocrx_word' id='word_1_510' title='bbox 2216 3195 2293 3233; x_wconf 88' lang='lat' dir='ltr'>est;</span> 
     </span>
     <span class='ocr_line' id='line_1_67' title="bbox 1250 3239 2296 3294; baseline -0.004 -13"><span class='ocrx_word' id='word_1_511' title='bbox 1250 3251 1291 3281; x_wconf 88' lang='lat' dir='ltr'>et</span> <span class='ocrx_word' id='word_1_512' title='bbox 1322 3244 1414 3294; x_wconf 84' lang='lat' dir='ltr'>quia</span> <span class='ocrx_word' id='word_1_513' title='bbox 1431 3255 1554 3281; x_wconf 80' lang='lat' dir='ltr'>,arcus</span> <span class='ocrx_word' id='word_1_514' title='bbox 1590 3249 1694 3279; x_wconf 86' lang='lat' dir='ltr'>totus</span> <span class='ocrx_word' id='word_1_515' title='bbox 1726 3239 1807 3278; x_wconf 67' lang='lat' dir='ltr'>una</span> <span class='ocrx_word' id='word_1_516' title='bbox 1841 3240 2026 3288; x_wconf 73' lang='lat' dir='ltr'>mediocri</span> <span class='ocrx_word' id='word_1_517' title='bbox 2058 3241 2296 3278; x_wconf 87' lang='lat' dir='ltr'>oscillatione</span> 
     </span>
     <span class='ocr_line' id='line_1_68' title="bbox 1250 3293 2296 3345; baseline -0.004 -11"><span class='ocrx_word' id='word_1_518' title='bbox 1250 3296 1464 3345; x_wconf 89' lang='lat' dir='ltr'>descriptus</span> <span class='ocrx_word' id='word_1_519' title='bbox 1495 3295 1647 3333; x_wconf 87' lang='lat' dir='ltr'>medius</span> <span class='ocrx_word' id='word_1_520' title='bbox 1679 3300 1736 3331; x_wconf 89' lang='lat' dir='ltr'>est</span> <span class='ocrx_word' id='word_1_521' title='bbox 1768 3293 2005 3331; x_wconf 83' lang='lat' dir='ltr'>arithmetice</span> <span class='ocrx_word' id='word_1_522' title='bbox 2035 3293 2135 3331; x_wconf 85' lang='lat' dir='ltr'>inter</span> <span class='ocrx_word' id='word_1_523' title='bbox 2162 3307 2296 3332; x_wconf 89' lang='lat' dir='ltr'>arcum</span> 
     </span>
     <span class='ocr_line' id='line_1_69' title="bbox 1250 3346 2296 3398; baseline -0.003 -11"><span class='ocrx_word' id='word_1_524' title='bbox 1250 3349 1467 3388; x_wconf 87' lang='lat' dir='ltr'>maximum</span> <span class='ocrx_word' id='word_1_525' title='bbox 1497 3349 1578 3387; x_wconf 75' lang='lat' dir='ltr'>fere</span> <span class='ocrx_word' id='word_1_526' title='bbox 1602 3346 1812 3398; x_wconf 88' lang='lat' dir='ltr'>digitorum</span> <span class='ocrx_word' id='word_1_527' title='bbox 1839 3352 1875 3385; x_wconf 87' lang='lat'>4.</span> <span class='ocrx_word' id='word_1_528' title='bbox 1902 3346 2028 3396; x_wconf 67' lang='lat' dir='ltr'>primii</span> <span class='ocrx_word' id='word_1_529' title='bbox 2059 3346 2296 3384; x_wconf 83' lang='lat' dir='ltr'>oscillatione</span> 
     </span>
    </p>
   </div>
   <div class='ocr_carea' id='block_1_11' title="bbox 1250 3402 2296 3570">
    <p class='ocr_par' dir='ltr' id='par_1_14' title="bbox 1250 3402 2296 3570">
     <span class='ocr_line' id='line_1_70' title="bbox 1250 3402 2294 3465; baseline -0.005 -10"><span class='ocrx_word' id='word_1_530' title='bbox 1250 3417 1496 3464; x_wconf 87' lang='lat' dir='ltr'>descriptum,</span> <span class='ocrx_word' id='word_1_531' title='bbox 1530 3423 1569 3454; x_wconf 85' lang='lat' dir='ltr'>et</span> <span class='ocrx_word' id='word_1_532' title='bbox 1598 3427 1730 3453; x_wconf 90' lang='lat' dir='ltr'>arcum</span> <span class='ocrx_word' id='word_1_533' title='bbox 1763 3414 1968 3452; x_wconf 89' lang='lat' dir='ltr'>minimum</span> <span class='ocrx_word' id='word_1_534' title='bbox 1999 3415 2207 3465; x_wconf 84' lang='lat' dir='ltr'>digitorum</span> <span class='ocrx_word' id='word_1_535' title='bbox 2236 3402 2294 3465; x_wconf 67' lang='lat'>2⁸}</span> 
     </span>
     <span class='ocr_line' id='line_1_71' title="bbox 1250 3466 2296 3516; baseline -0.005 -8"><span class='ocrx_word' id='word_1_536' title='bbox 1250 3468 1390 3508; x_wconf 68' lang='lat' dir='ltr'>ultima</span> <span class='ocrx_word' id='word_1_537' title='bbox 1418 3469 1657 3508; x_wconf 87' lang='lat' dir='ltr'>oscillatione</span> <span class='ocrx_word' id='word_1_538' title='bbox 1688 3467 1934 3516; x_wconf 77' lang='lat' dir='ltr'>descriptum,</span> <span class='ocrx_word' id='word_1_539' title='bbox 1967 3467 2056 3506; x_wconf 73' lang='lat' dir='ltr'>idee</span> <span class='ocrx_word' id='word_1_540' title='bbox 2088 3480 2199 3505; x_wconf 87' lang='lat' dir='ltr'>arcus</span> <span class='ocrx_word' id='word_1_541' title='bbox 2228 3466 2296 3503; x_wconf 88' lang='lat' dir='ltr'>ille</span> 
     </span>
     <span class='ocr_line' id='line_1_72' title="bbox 1250 3521 2295 3570; baseline -0.005 -9"><span class='ocrx_word' id='word_1_542' title='bbox 1250 3523 1454 3562; x_wconf 89' lang='lat' dir='ltr'>mediocris</span> <span class='ocrx_word' id='word_1_543' title='bbox 1481 3522 1675 3560; x_wconf 88' lang='lat' dir='ltr'>invenitur</span> <span class='ocrx_word' id='word_1_544' title='bbox 1692 3521 1879 3570; x_wconf 86' lang='lat' dir='ltr'>capiendo</span> <span class='ocrx_word' id='word_1_545' title='bbox 1904 3521 2111 3558; x_wconf 77' lang='lat' dir='ltr'>dimidium</span> <span class='ocrx_word' id='word_1_546' title='bbox 2131 3532 2295 3557; x_wconf 87' lang='lat' dir='ltr'>summae</span> 
     </span>
    </p>
   </div>
   <div class='ocr_carea' id='block_1_12' title="bbox 1249 3577 2296 3789">
    <p class='ocr_par' dir='ltr' id='par_1_15' title="bbox 1249 3577 2296 3789">
     <span class='ocr_line' id='line_1_73' title="bbox 1249 3577 2294 3641; baseline -0.004 -13"><span class='ocrx_word' id='word_1_547' title='bbox 1249 3602 1410 3629; x_wconf 84' lang='lat' dir='ltr'>arcuum</span> <span class='ocrx_word' id='word_1_548' title='bbox 1430 3593 1456 3626; x_wconf 85' lang='lat'>4</span> <span class='ocrx_word' id='word_1_549' title='bbox 1475 3589 1529 3641; x_wconf 79' lang='grc' dir='ltr'>-Ι-</span> <span class='ocrx_word' id='word_1_550' title='bbox 1552 3577 1622 3641; x_wconf 50' lang='lat'>2}</span> <span class='ocrx_word' id='word_1_551' title='bbox 1640 3589 1744 3640; x_wconf 87' lang='lat' dir='ltr'>quod</span> <span class='ocrx_word' id='word_1_552' title='bbox 1763 3597 1822 3627; x_wconf 89' lang='lat' dir='ltr'>est</span> <span class='ocrx_word' id='word_1_553' title='bbox 1839 3587 1904 3640; x_wconf 52' lang='lat'>53,</span> <span class='ocrx_word' id='word_1_554' title='bbox 1925 3597 1992 3627; x_wconf 89' lang='lat' dir='ltr'>aut</span> <span class='ocrx_word' id='word_1_555' title='bbox 2006 3588 2120 3626; x_wconf 86' lang='lat' dir='ltr'>etiam</span> <span class='ocrx_word' id='word_1_556' title='bbox 2140 3587 2294 3636; x_wconf 89' lang='lat' dir='ltr'>capien-</span> 
     </span>
     <span class='ocr_line' id='line_1_74' title="bbox 1249 3640 2296 3683; baseline -0.003 -1"><span class='ocrx_word' id='word_1_557' title='bbox 1249 3644 1302 3682; x_wconf 91' lang='lat' dir='ltr'>do</span> <span class='ocrx_word' id='word_1_558' title='bbox 1345 3655 1539 3680; x_wconf 88' lang='lat' dir='ltr'>summam</span> <span class='ocrx_word' id='word_1_559' title='bbox 1588 3656 1750 3681; x_wconf 89' lang='lat' dir='ltr'>arcuum</span> <span class='ocrx_word' id='word_1_560' title='bbox 1806 3642 2066 3683; x_wconf 88' lang='lat' dir='ltr'>dimidiorum,</span> <span class='ocrx_word' id='word_1_561' title='bbox 2120 3640 2296 3679; x_wconf 86' lang='lat' dir='ltr'>videlicet</span> 
     </span>
     <span class='ocr_line' id='line_1_75' title="bbox 1252 3694 2296 3749; baseline -0.003 -15"><span class='ocrx_word' id='word_1_562' title='bbox 1252 3702 1277 3734; x_wconf 78' lang='lat'>2</span> <span class='ocrx_word' id='word_1_563' title='bbox 1292 3697 1344 3749; x_wconf 58' lang='grc' dir='ltr'>-ἱ-</span> <span class='ocrx_word' id='word_1_564' title='bbox 1366 3694 1426 3748; x_wconf 66' lang='lat'><strong>¹2³3·</strong></span> <span class='ocrx_word' id='word_1_565' title='bbox 1482 3696 1616 3746; x_wconf 84' lang='lat' dir='ltr'>Atque</span> <span class='ocrx_word' id='word_1_566' title='bbox 1639 3696 1776 3735; x_wconf 89' lang='lat' dir='ltr'>eodem</span> <span class='ocrx_word' id='word_1_567' title='bbox 1807 3695 1924 3732; x_wconf 90' lang='lat' dir='ltr'>modo</span> <span class='ocrx_word' id='word_1_568' title='bbox 1942 3694 1990 3732; x_wconf 88' lang='lat' dir='ltr'>de</span> <span class='ocrx_word' id='word_1_569' title='bbox 2009 3694 2154 3731; x_wconf 85' lang='lat' dir='ltr'>caeteris</span> <span class='ocrx_word' id='word_1_570' title='bbox 2179 3695 2296 3732; x_wconf 86' lang='lat' dir='ltr'>ratio-</span> 
     </span>
     <span class='ocr_line' id='line_1_76' title="bbox 1251 3748 1549 3789; baseline -0.007 -1"><span class='ocrx_word' id='word_1_571' title='bbox 1251 3748 1463 3789; x_wconf 87' lang='lat' dir='ltr'>cinandum</span> <span class='ocrx_word' id='word_1_572' title='bbox 1480 3757 1549 3787; x_wconf 85' lang='lat' dir='ltr'>est.</span> 
     </span>
    </p>
   </div>
   <div class='ocr_carea' id='block_1_13' title="bbox 1249 3807 2296 3901">
    <p class='ocr_par' dir='ltr' id='par_1_16' title="bbox 1249 3807 2296 3901">
     <span class='ocr_line' id='line_1_77' title="bbox 1303 3807 2294 3860; baseline -0.002 -13"><span class='ocrx_word' id='word_1_573' title='bbox 1303 3808 1355 3860; x_wconf 79' lang='lat' dir='ltr'>(f)</span> <span class='ocrx_word' id='word_1_574' title='bbox 1378 3811 1400 3833; x_wconf 74' lang='lat'>²¹¹</span> <span class='ocrx_word' id='word_1_575' title='bbox 1423 3810 1502 3847; x_wconf 85' lang='lat' dir='ltr'>Hoe</span> <span class='ocrx_word' id='word_1_576' title='bbox 1527 3817 1658 3848; x_wconf 84' lang='lat' dir='ltr'>autem</span> <span class='ocrx_word' id='word_1_577' title='bbox 1685 3811 1727 3848; x_wconf 84' lang='lat' dir='ltr'>in</span> <span class='ocrx_word' id='word_1_578' title='bbox 1755 3807 1958 3858; x_wconf 55' lang='lat' dir='ltr'>majoribus</span> <span class='ocrx_word' id='word_1_579' title='bbox 1989 3809 2294 3854; x_wconf 66' lang='lat' dir='ltr'>ost-illationibus,</span> 
     </span>
     <span class='ocr_line' id='line_1_78' title="bbox 1249 3859 2296 3901; baseline -0.003 0"><span class='ocrx_word' id='word_1_580' title='bbox 1249 3863 1318 3901; x_wconf 60' lang='lat' dir='ltr'>&amp;a</span> <span class='ocrx_word' id='word_1_581' title='bbox 1380 3864 1400 3886; x_wconf 81' lang='lat'><em>*</em></span> <span class='ocrx_word' id='word_1_582' title='bbox 1426 3861 1663 3901; x_wconf 84' lang='lat' dir='ltr'>Dividantur</span> <span class='ocrx_word' id='word_1_583' title='bbox 1680 3874 1813 3901; x_wconf 83' lang='lat' dir='ltr'>omnes</span> <span class='ocrx_word' id='word_1_584' title='bbox 1832 3873 1991 3900; x_wconf 87' lang='lat' dir='ltr'>arcuum</span> <span class='ocrx_word' id='word_1_585' title='bbox 2011 3859 2235 3900; x_wconf 65' lang='lat' dir='ltr'>differentiae</span> <span class='ocrx_word' id='word_1_586' title='bbox 2255 3863 2296 3899; x_wconf 87' lang='lat' dir='ltr'>in</span> 
     </span>
    </p>
   </div>
  </div>
 </body>
</html>
