2502 4192
231 282 300 328 96
768 277 1332 331 PHILOSOPHIAE
1371 278 1822 335 NATURALIS
1907 284 2088 350 [Mor.
2110 274 2360 339 Conon.

642 523 1111 576 PROPOSITIO
1150 525 1284 576 XII.
1360 524 1810 581 THEOREMA
1847 531 1951 583 IX.

223 669 404 719 Iisdem
420 668 618 734 positis,
647 669 757 718 dico
783 665 913 735 quod
934 669 979 718 si
1004 669 1173 735 spatia
1198 669 1445 735 descripta
1469 678 1726 721 sumantur
1751 673 1805 721 in
1820 677 2169 741 progressione
2192 677 2355 727 arith—

295 758 485 821 metica,
528 761 806 811 velocitates
843 757 965 810 datci
1005 758 1218 827 quddam
1256 762 1538 828 quantitate
1561 770 1718 812 auctce
1748 771 1892 813 erunt
1929 765 1982 814 in
2009 769 2356 833 progressione

290 848 610 918 geometricc‘t'.

297 990 361 1042 In
401 998 691 1059 asymptoto
733 990 778 1042 C
805 990 860 1042 D
899 990 1049 1042 detur
1084 1002 1336 1061 punctum
1376 994 1442 1056 R,
1485 1003 1536 1046 et
1572 1003 1742 1046 erecto
1783 996 2153 1063 perpendiculo
2194 998 2244 1049 R
2284 1000 2354 1060 S;
2402 1026 2411 1039 α

224 1080 364 1149 quod
389 1090 626 1131 occurrat
650 1079 947 1149 hyperbolae
972 1081 1027 1131 in
1055 1082 1109 1144 S,
1150 1092 1442 1150 exponatur
1468 1083 1782 1152 descriptum
1809 1085 2029 1152 spatium
2054 1104 2147 1153 per
2184 1106 2354 1138 aream
2397 1084 2408 1126 ’ἶ

222 1170 611 1239 hyperbolicam
651 1169 701 1220 R
730 1170 767 1221 S
795 1169 842 1220 E
867 1169 956 1230 D;
1002 1178 1053 1220 et
1088 1170 1330 1222 velocitas
1371 1172 1468 1222 erit
1503 1181 1561 1223 ut
1596 1172 1866 1242 longitudo
1904 1172 1957 1224 G
1982 1174 2055 1236 D,
2095 1194 2210 1243 quae
2237 1194 2354 1227 cum

223 1256 344 1309 data
384 1257 429 1308 C
458 1257 512 1309 G
548 1257 810 1325 componit
846 1256 1222 1327 longitudinem
1262 1258 1307 1308 C
1335 1257 1388 1312 D
1425 1259 1479 1309 in
1521 1260 1882 1329 progressione
1916 1262 2224 1331 geometrica
2264 1263 2353 1315 de-

221 1355 553 1408 crescentem,
581 1346 778 1397 interea
802 1344 928 1396 dum
954 1346 1174 1414 spatium
1204 1347 1254 1398 R
1284 1348 1322 1399 S
1350 1347 1396 1398 E
1425 1347 1478 1399 D
1504 1358 1721 1418 augetur
1739 1348 1794 1400 in
1818 1348 2152 1402 arithmetica.
2378 1343 2381 1345 ’

294 1436 359 1505 (¹¹)
401 1436 610 1488 Etenim
647 1436 715 1487 ob
749 1437 927 1488 datum
962 1436 1112 1505 spatii

223 1526 597 1577 incrementum
624 1525 672 1576 E
698 1526 752 1577 D
779 1525 814 1576 d
840 1544 885 1588 e,
924 1525 1113 1576 lineola

222 1615 279 1667 D
306 1616 358 1678 d,
387 1635 504 1685 quae
529 1615 912 1666 decrementum
938 1625 1015 1665 est
1039 1615 1116 1682 ip·
1476 1513 1631 1712 NB

222 1705 326 1756 sius
346 1705 400 1756 G
416 1706 488 1767 D,
507 1705 604 1756 erit
621 1704 883 1773 reciproce
903 1714 959 1755 ut
979 1704 1109 1766 ΕΙ),

220 1794 443 1863 ideoque
488 1793 678 1845 directe
710 1804 783 1854 ,nt
824 1794 868 1845 C
894 1794 968 1856 D,
1011 1793 1113 1844 hoc

222 1892 314 1946 est,
357 1895 415 1935 ut
455 1902 654 1935 summa
693 1882 922 1951 ejusdem
969 1882 1023 1933 G
1060 1882 1116 1933 D

224 1983 276 2024 et
301 1973 640 2043 longitudinis
667 1973 801 2024 datae
829 1972 875 2024 C
903 1971 971 2024 G.
1014 1971 1119 2024 Sed

222 2062 512 2114 velocitatis
551 2062 953 2123 decrementum,
993 2071 1123 2111 tem-
1481 2101 1492 2135 ι
2002 2109 2010 2125 2

219 2170 347 2219 pore
386 2152 481 2203 sibi
524 2151 788 2221 reciproce
823 2151 1116 2220 proportio·
1230 2138 1264 2179 C
1464 2143 1506 2185 G
1577 2148 1634 2192 Α
1909 2152 1959 2193 D
1985 2153 2018 2198 d
2275 2160 2329 2202 R

218 2242 339 2305 nali,
381 2261 484 2311 quo
521 2242 641 2303 data
672 2242 821 2310 spatii
857 2241 1109 2310 particula

220 2331 276 2383 D
304 2332 339 2383 d
366 2351 394 2384 e
421 2333 468 2383 E
494 2332 815 2395 describitur,
847 2331 900 2400 (ἰ)
928 2341 1005 2383 est
1031 2340 1090 2383 ut
1114 2330 1398 2382 resistentia
1423 2340 1474 2382 et
1498 2339 1699 2400 tempus
1727 2332 2055 2402 conjunctim,
2094 2332 2149 2383 id
2174 2341 2250 2383 est
2274 2331 2351 2382 di-

218 2420 356 2472 recte
381 2431 439 2472 ut
465 2439 664 2472 summa
688 2420 907 2471 duarum
933 2419 1289 2489 quantitatum,
1335 2437 1553 2488 quarum
1577 2438 1681 2471 una
1706 2430 1782 2471 est
1806 2430 1864 2472 ut
1888 2421 2144 2483 velocitaS,
2190 2420 2351 2472 altera

222 2518 277 2559 ut
300 2507 580 2560 velocitatis
602 2507 924 2578 quadratum,
953 2516 1005 2558 et
1029 2504 1228 2558 inverse
1254 2515 1312 2556 ut
1335 2505 1607 2568 velocitas3
1633 2507 1854 2577 ideoque
1873 2506 2063 2559 directe
2079 2517 2137 2559 ut
2152 2525 2351 2558 summa

218 2596 437 2647 duarum
475 2595 832 2666 quantitatum,
871 2612 1086 2664 quarum
1114 2611 1218 2645 una
1242 2592 1409 2656 datur,
1449 2593 1610 2645 altera
1634 2604 1710 2646 est
1734 2604 1791 2646 ut
1816 2595 2071 2647 velocitas,
2147 2595 2346 2647 Decre-

218 2695 449 2737 mentum
474 2685 631 2756 igitur
655 2696 759 2737 tam
784 2684 1065 2736 velocitatis
1091 2702 1247 2754 quam
1271 2683 1422 2735 lineae
1464 2683 1517 2736 G
1542 2684 1615 2748 D,
1658 2695 1736 2736 est
1770 2695 1828 2737 ut
1864 2687 2117 2755 quantitas
2143 2686 2262 2738 data
2298 2695 2350 2737 et

218 2774 473 2844 quantitas
500 2774 801 2826 decrescens
827 2774 1159 2843 conjunctim,
1199 2782 1251 2825 et
1274 2782 1487 2842 propter
1512 2773 1730 2845 analoga
1754 2774 2094 2839 decrementa,
2136 2775 2197 2845 (¹³)
2225 2795 2347 2827 ana-

216 2865 350 2936 logae
376 2884 578 2934 semper
604 2874 755 2917 erunt
791 2864 1103 2935 quantitates
1141 2864 1496 2916 decrescentes
1511 2884 1526 2926 3
1569 2865 1811 2916 nimirum
1848 2866 2089 2917 velocitas
2116 2876 2178 2927 ‚et
2212 2866 2348 2918 linea

220 2955 271 3007 G
297 2956 370 3007 D.
447 2956 516 3018 Q.
546 2976 590 3009 e.
617 2956 668 3008 d.

292 3046 453 3097 Corol.
485 3054 531 3097 1.
586 3046 642 3098 Si
666 3044 906 3097 velocitas
932 3053 1220 3113 exponatur
1256 3061 1350 3112 per
1386 3041 1761 3113 longitudinem
1802 3042 1856 3095 G
1880 3043 1953 3106 D,
2000 3044 2220 3112 spatium
2253 3044 2344 3095 de-

217 3132 464 3199 scriptum
489 3133 584 3185 erit
608 3142 666 3184 ut
690 3151 809 3183 area
833 3131 1164 3201 hyperbolica
1192 3130 1247 3182 D
1276 3129 1323 3180 E
1352 3130 1389 3181 S
1418 3130 1484 3180 R.

294 3222 455 3273 Corol.
483 3229 533 3273 2.
575 3222 645 3274 Et
674 3223 715 3273 si
740 3231 1001 3292 utcunque
1025 3230 1312 3273 assumatur
1336 3229 1586 3290 punctum
1615 3220 1680 3282 R,
1708 3219 1996 3271 invenietur
2019 3229 2269 3289 punctum
2288 3221 2341 3274 G

217 3308 466 3376 capiendo
491 3310 546 3361 G
575 3310 624 3361 R
649 3309 715 3360 ad
744 3309 797 3361 G
822 3309 894 3373 D,
921 3319 979 3360 ut
1004 3318 1081 3360 est
1104 3307 1344 3360 velocitas
1372 3307 1468 3358 sub
1493 3306 1638 3358 initio
1663 3306 1730 3358 ad
1747 3303 2066 3359 velocitatem
2084 3318 2201 3377 post
2225 3327 2338 3378 spa-

271 3464 383 3517 (h)*
414 3466 570 3504 Etenim
598 3468 638 3504 ob
664 3469 799 3505 datum
827 3466 937 3515 spatii
960 3467 1253 3510 incrementum,
1308 3461 1482 3514 adeoque
1508 3462 1597 3501 dato
1623 3462 1733 3511 spatii
1749 3462 1984 3502 incremento
2008 3470 2054 3501 ut
2080 3463 2254 3501 velocitas
2280 3462 2340 3500 in-

216 3531 284 3567 per
302 3518 540 3567 hypothesim
560 3530 635 3567 qua
655 3519 778 3566 spatia
791 3525 1062 3567 supponuntur
1079 3517 1120 3554 in
1137 3517 1255 3555 auith-
1310 3515 1425 3553 verse.
1488 3514 1618 3559 Quare
1629 3516 1719 3553 dato
1737 3517 1846 3564 spatii
1865 3517 2111 3561 incremento,
2131 3515 2339 3553 velocitatis

216 3569 357 3609 metica
375 3570 635 3632 progressione
654 3583 832 3608 crescere.
1308 3568 1595 3606 decrementum
1615 3576 1671 3605 est
1688 3576 1733 3605 ut
1750 3569 1960 3607 resistentia
1986 3567 2126 3605 directe
2144 3575 2181 3605 et
2200 3568 2338 3606 veloci-

293 3624 365 3673 ')*
388 3626 461 3662 Est
488 3630 531 3662 ut
558 3625 764 3661 resistentia
786 3630 819 3661 et
839 3631 982 3673 tempus
1003 3623 1249 3683 conjunctim.
1308 3627 1366 3658 tas
1396 3618 1554 3666 inverse,
1588 3620 1629 3657 id
1655 3630 1722 3667 est,
1756 3619 1896 3659 directe
1923 3628 1968 3658 ut
1998 3633 2147 3658 summa
2172 3620 2338 3658 duarum

219 3676 443 3714 velocitatis
478 3675 765 3713 decrementum
801 3688 840 3712 es
842 3684 858 3713 t
892 3683 937 3712 ut
968 3674 1181 3712 resistentia
1216 3680 1255 3711 et
1305 3674 1576 3723 quantitatum,
1596 3674 1665 3711 &c.
1746 3678 1751 3684 “

216 3735 370 3778 tempus
388 3729 623 3780 conjunctim
645 3727 746 3778 (15),
777 3734 927 3776 tempus
945 3726 1035 3765 vero
1056 3735 1112 3765 est
1129 3732 1176 3763 ut
1193 3724 1254 3761 in·
1360 3724 1464 3776 (¹)*
1486 3727 1635 3775 Analog
1615 3739 1668 3763 ⁰oe
1686 3739 1830 3777 semper
1842 3732 1967 3772 erunt,
1995 3725 2064 3763 8ιο-
2123 3725 2221 3776 (Per
2243 3725 2331 3764 Cor.

216 3790 456 3820 crementum
484 3781 594 3830 spatii
625 3779 767 3818 directe
802 3789 840 3817 et
875 3780 1054 3819 velocitas
1087 3776 1251 3824 inverse,
1307 3776 1420 3815 Lem.
1445 3777 1524 3816 lv.
1549 3777 1635 3816 Lib.
1661 3778 1733 3827 Ι..)
