2502 4192
167 262 347 314 me
369 263 640 325 sama]
694 256 1096 312 PRINCIPIA
1135 254 1750 309 MATHEMATIGA.
1986 227 1998 239 ”
2200 264 2299 309 193

164 412 211 457 1.
238 415 289 456 et
315 413 363 457 8.
394 405 551 472 Prop.
580 404 677 455 IV.
706 402 823 455 Lib.
853 403 919 468 I.)
949 402 990 453 si
1015 398 1172 452 modo
1197 409 1373 451 centra
1399 398 1485 448 illa
1510 398 1788 467 quiescant.
1868 395 1960 448 Sin
1977 406 2298 461 moveantur,

160 495 402 564 quoniam
442 494 507 563 (x)
535 494 602 545 ob
629 492 1020 545 translationum
1055 489 1456 552 similitudinem,
1497 488 1689 539 similes
1726 497 1938 539 manent
1963 505 2145 538 eorum
2171 489 2298 542 situs

158 577 290 635 inter
316 594 648 654 systematum
673 583 949 652 particulas
964 601 978 642 3
1005 581 1194 632 similes
1220 580 1530 631 inducentur
1548 579 1856 631 mutationes
1883 579 1939 629 in
1965 578 2146 649 figuris
2173 598 2299 648 quas

155 672 422 741 particulae
447 671 761 723 describunt.
838 667 1041 724 Similes
1067 670 1225 740 igitur
1250 679 1402 720 erunt
1428 668 1950 737 correspondentium
1975 678 2027 719 et
2054 667 2299 719 similium

154 763 525 831 particularum
549 773 719 815 motus
747 763 812 831 (5)
838 764 1001 831 usque
1027 760 1094 811 ad
1120 777 1362 811 occursus
1387 777 1507 810 suos
1533 758 1747 828 primOS,
1784 768 1836 810 et
1859 769 2135 826 propterea
2160 758 2299 809 simi-

154 851 229 902 les
266 870 524 914 occmsm,
568 861 633 903 et·
657 850 847 902 similes
883 849 1208 911 reflexiones,
1247 858 1299 900 et
1332 847 1551 899 subinde
1578 851 1694 916 (per
1713 849 1822 917 jam
1848 848 2076 912 ostensa)
2105 847 2296 898 similes

157 950 327 991 motus
353 941 488 993 inter
514 959 568 992 se
593 941 759 993 donec
784 941 972 993 iterum
996 941 1050 992 in
1077 959 1129 993 se
1153 950 1336 992 mutuo
1360 940 1652 1002 inciderint,
1692 950 1742 991 et
1769 940 1841 990 sic
1867 939 2112 1009 deinceps
2137 940 2192 991 in
2217 941 2297 992 in-

106 1020 107 1023 *
159 1028 376 1079 finitum.
456 1028 525 1090 Q.
550 1047 595 1079 e.
622 1027 674 1079 d.

227 1120 389 1171 Corol.
422 1126 465 1171 1.
508 1119 653 1171 Hinc
679 1120 721 1172 si
746 1137 966 1188 corpora
990 1118 1095 1170 duo
1116 1118 1325 1189 quaevis,
1345 1137 1461 1188 quae
1481 1117 1666 1169 similia
1682 1117 1782 1169 sint
1802 1127 1853 1168 et
1873 1117 1938 1168 ad
1959 1128 2295 1188 systematum

153 1207 426 1274 particulas
465 1208 928 1277 correspondentes
956 1207 1188 1258 similiter
1213 1207 1325 1269 sita,
1372 1207 1508 1257 inter
1544 1206 1680 1274 ipsas
1717 1207 2035 1275 temporibus
2073 1227 2295 1276 propor-

151 1295 425 1346 tionalibus
475 1296 708 1348 similiter
755 1296 953 1347 moveri
1001 1296 1263 1363 incipiant,
1322 1294 1524 1364 sintque
1575 1312 1754 1345 eorum
1801 1295 2183 1365 magnitudines
2234 1316 2295 1349 ac

152 1384 428 1436 densitates
472 1385 540 1437 ad
583 1385 803 1437 invicem
842 1394 901 1436 ut
937 1383 1317 1456 magnitudines
1361 1402 1421 1435 ac
1462 1382 1738 1434 densitates
1779 1385 2295 1452 correspondentium

148 1473 545 1542 particularum:
583 1473 696 1525 haec
719 1482 940 1542 pergent
975 1472 1294 1541 temporibus
1319 1471 1791 1541 proportionalibus
1817 1471 2048 1524 similiter
2079 1474 2291 1527 moveri.

156 1616 212 1667 (4.
236 1613 323 1652 Lib.
348 1614 405 1664 Ι.)
429 1614 1001 1653 FGadbdutviscentralis
1019 1614 1192 1664 qualcor-
1249 1618 1291 1660 ><
1321 1613 1355 1651 Α
1381 1614 1481 1652 S=
1507 1613 1615 1651 ASt
1639 1626 1723 1660 as3
1754 1612 1826 1652 erit
1847 1614 1882 1652 B
1907 1614 1977 1653 D:
2000 1614 2145 1653 bd=
2169 1617 2206 1654 A
2231 1617 2287 1656 S:

148 1681 221 1717 pus
253 1669 288 1705 A
319 1676 478 1718 urgetur
505 1668 554 1706 ad
583 1669 662 1705 vim
690 1668 897 1707 centralem
926 1667 1002 1718 qua
1032 1675 1193 1717 urgetur
1246 1680 1270 1705 a
1288 1680 1317 1713 s,
1348 1675 1386 1705 et
1412 1668 1462 1704 ob
1481 1665 1775 1704 similitudinem
1795 1666 2021 1716 figurarum,
2051 1676 2095 1706 ut
2118 1669 2154 1706 A
2178 1670 2220 1706 D
2240 1670 2290 1708 ad

149 1733 287 1769 corpus
304 1735 350 1767 a;
385 1728 421 1758 et
440 1721 531 1771 quia
550 1722 646 1758 vires
664 1721 741 1758 illae
762 1724 848 1772 (per
870 1721 1000 1771 Hyp.)
1030 1729 1121 1758 sunt
1147 1728 1191 1758 ut
1244 1733 1267 1756 a
1286 1720 1325 1765 d,
1355 1717 1520 1770 ideoque
1540 1721 1590 1757 ob
1608 1719 1774 1769 aequales
1801 1720 1968 1770 angulos
1989 1721 2030 1758 D
2050 1730 2089 1759 et
2107 1721 2145 1767 d,
2174 1723 2292 1760 trian-

148 1774 377 1823 quadratum
391 1774 638 1811 velocitatum
657 1774 799 1811 directe
819 1782 857 1812 et
875 1774 1064 1812 distantiae
1088 1775 1123 1810 A
1149 1774 1188 1819 S,
1243 1773 1337 1823 gula
1361 1774 1395 1810 A
1422 1774 1462 1810 D
1485 1774 1533 1818 B,
1554 1786 1578 1810 a
1595 1772 1621 1810 d
1639 1774 1664 1810 b
1692 1780 1805 1810 erunt
1836 1773 1987 1819 similia,
2022 1782 2060 1812 et
2092 1783 2291 1823 propterea

148 1840 172 1866 8
189 1841 218 1875 s,
239 1825 398 1874 inverse,
418 1827 637 1865 velocitates
650 1835 781 1866 autem
795 1834 887 1865 sunt
906 1836 949 1865 ut
967 1826 1091 1876 spatia
1104 1839 1190 1877 quae
1247 1839 1359 1863 arcus
1382 1828 1419 1863 A
1444 1827 1492 1870 B,
1515 1840 1537 1863 a
1555 1828 1590 1869 b,
1620 1825 1763 1862 SImiles
1782 1833 1820 1862 et
1838 1826 2013 1863 similiter
2031 1827 2103 1865 siti.
2165 1829 2291 1867 Simili

198 1901 200 1904 ,
1249 1879 1366 1916 modo
1385 1879 1705 1916 demonstrabitur
1723 1878 1827 1928 quod
1854 1892 2012 1927 corpora
2039 1893 2061 1917 e
2080 1880 2172 1918 locis
2195 1882 2230 1919 B
2250 1890 2290 1921 et

1246 1933 1272 1969 b
1304 1944 1501 1982 progressa
1533 1931 1677 1969 similes
1706 1944 1817 1969 arcus
1851 1942 1897 1968 ac
1941 1932 2117 1970 similiter
2147 1935 2290 1982 positos

1245 1985 1466 2026 describant.
1489 1992 1605 2035 atque
1623 1984 1676 2021 ita
1696 1984 1885 2032 deinceps,
1942 1986 2175 2025 Describent
2194 1988 2288 2039 ergd

1241 2038 1385 2089 figuras
1403 2038 1545 2074 similes
1563 2036 1662 2075 circa
1681 2046 1811 2075 centra
1833 2037 1860 2075 S
1880 2045 1917 2075 et
1935 2050 1964 2075 s.
2020 2039 2097 2076 His
2117 2038 2206 2078 vero
2221 2042 2287 2079 de-

1239 2091 1457 2128 monstratis
1476 2098 1579 2140 patet
1607 2093 1715 2142 (196.
1744 2090 1830 2129 Lib.
1860 2090 1916 2137 1.)
1948 2091 2052 2141 quod
2071 2092 2287 2133 describent

1239 2144 1382 2181 similes
1417 2153 1455 2181 et
1490 2143 1790 2192 proportionales
1834 2143 2050 2194 figurarum
2095 2146 2283 2186 similium

1241 2205 1368 2246 partes
1381 2198 1616 2246 temporibus
1632 2196 1988 2246 proportionalibuS‚
2003 2210 2071 2236 seu
2084 2211 2174 2249 quae
2185 2212 2287 2239 sem·

1237 2264 1307 2301 per
1328 2250 1404 2288 sint
1424 2258 1466 2287 ut
1485 2259 1655 2299 tempora
1676 2251 1713 2288 T
1732 2257 1770 2288 et
1787 2257 1815 2288 t.

1292 2303 1352 2355 (Χ)
1376 2309 1397 2327 *⁵
1423 2306 1473 2342 Ob
1492 2305 1791 2343 translationum
1801 2305 2100 2344 similitudinem.
2136 2305 2283 2345 Oriun-

1238 2364 1303 2395 tur
1336 2356 1442 2394 enim
1482 2365 1701 2395 centrorum
1737 2356 1893 2394 illorum
1925 2358 2194 2397 translat-iones
2232 2373 2281 2398 ex

1238 2410 1363 2449 causis
1399 2409 1744 2459 proportionalibus
1776 2418 1815 2447 et
1850 2410 2028 2448 similiter
2064 2413 2280 2462 agentibuS‚

1238 2463 1415 2501 videlicet
1440 2476 1488 2500 ex
1516 2463 1705 2500 similibus
1732 2463 2008 2511 particularum
2028 2464 2215 2503 similium
2242 2474 2282 2505 et

1238 2515 1617 2565 correspondentium
1643 2516 1823 2562 motibus,
1852 2515 1948 2554 adeo
1967 2524 2011 2555 ut
2029 2519 2280 2567 quemadmo-

1239 2569 1335 2607 dum
1355 2569 1463 2607 initio
1480 2558 1609 2608 motiis
1626 2578 1757 2607 centra
1783 2569 1958 2607 similiter
1983 2571 2128 2608 moveri
2155 2585 2279 2621 coepe-

1237 2630 1342 2668 runt,
1370 2622 1543 2660 similiter
1560 2635 1713 2673 quoque
1731 2622 1911 2672 deinceps
1928 2623 2072 2661 moveri
2099 2633 2274 2676 pergant.

1291 2675 1349 2728 (y)
1380 2678 1401 2700 ²*
1432 2679 1560 2726 Usque
1588 2678 1638 2714 ad
1672 2689 1852 2715 occursus
1887 2690 1973 2715 suos
2002 2680 2162 2726 primos,
2202 2680 2273 2716 &c.

1238 2729 1343 2767 Nam
1376 2728 1467 2767 cum
1494 2728 1769 2778 particularum
1790 2731 2170 2777 correspondentiam
2197 2731 2274 2769 dis-

1237 2782 1378 2826 tantiae,
1407 2790 1493 2831 post
1510 2782 1654 2831 quaevis
1671 2790 1843 2831 tempora
1861 2783 2168 2831 proportionalia,
2198 2785 2276 2822 sint

481 2836 509 2862 ἅ
1235 2847 1386 2884 semper
1403 2835 1444 2872 in
1462 2833 1553 2873 data
1578 2834 1852 2873 diametrorum
1883 2836 2030 2873 ratione
2056 2836 2096 2873 in
2124 2836 2276 2875 duobus

664 2906 702 2943 ἆ
1234 2889 1501 2938 systematibus
1522 2890 1587 2940 (ex
1606 2888 1744 2937 dem.)‚
1774 2901 1927 2926 necesse
1947 2897 2002 2926 est
2021 2898 2066 2927 ut
2083 2889 2274 2928 distantiae

1234 2942 1470 2990 temporibus
1495 2941 1840 2990 proportionalibus
1858 2950 2094 2988 evanescant,
2128 2951 2167 2980 et
2186 2956 2272 2992 pro-

1234 2993 1325 3032 inde
1342 3002 1387 3033 ut
1400 2995 1675 3044 particularum
1696 3006 1878 3032 occursus
1902 2996 2015 3043 primi
2034 2996 2269 3046 contingant,

1233 3048 1302 3085 ubi
1331 3048 1529 3096 particulae
1563 3047 1641 3085 illae
1677 3047 1889 3098 figurarum
1925 3047 2110 3085 similium
2147 3057 2272 3098 partes

1233 3100 1377 3139 similes
1395 3100 1687 3149 descripserunt.
1749 3100 1812 3137 Ex
1843 3112 1922 3150 quo
1953 3102 2125 3151 sequitur
2154 3103 2271 3151 parti-

1233 3153 1411 3191 cularum
1439 3153 1593 3191 illarum
1625 3165 1807 3191 occursus
1832 3153 1975 3201 primos
2005 3154 2148 3192 similes
2175 3156 2269 3202 fore,

1232 3213 1319 3245 tum
1337 3207 1483 3245 ratione
1501 3206 1771 3252 directionum,
1798 3206 1904 3256 quod
1923 3207 2007 3256 jam
2034 3207 2271 3247 demonstra-

679 3246 712 3278 Ρ
1232 3267 1318 3297 tum
1337 3267 1404 3305 est,
1424 3266 1509 3297 tum
1527 3259 1643 3298 etiam
1661 3260 1808 3297 ratione
1828 3260 2073 3298 velocitatum
2092 3269 2131 3299 et
2147 3274 2270 3311 quan-

471 3322 495 3351 8
1231 3312 1387 3350 titatum
1406 3311 1545 3350 motus.
1607 3311 1802 3361 Siquidem
1819 3311 1951 3360 ‘spatia
1968 3325 2146 3361 percursa
2173 3323 2270 3352 tem-

1232 3366 1388 3413 poribus
1423 3364 1771 3414 proportionalibus
1806 3374 1897 3402 sunt
1933 3379 2081 3416 semper
2111 3367 2153 3404 in
2173 3366 2270 3416 ,data

723 3456 732 3463 ,
1234 3418 1392 3464 ratione,
1430 3415 1596 3468 ideoque
1630 3418 1848 3456 velocitates
1879 3419 1920 3455 in
1951 3419 2045 3457 locis
2081 3420 2270 3458 similibus

135 3470 263 3515 §iuml
290 3469 477 3518 descripta
494 3470 658 3508 fuissent
682 3469 723 3507 in
754 3477 936 3522 tangente
958 3472 995 3509 A
1021 3472 1070 3516 G,
1100 3484 1123 3509 a
1141 3471 1180 3518 d,
1234 3480 1325 3509 sunt
1352 3483 1500 3519 semper
1518 3470 1559 3508 in
1578 3470 1667 3509 data
1684 3471 1844 3517 ratione,
1871 3479 1910 3509 et
1927 3471 2016 3510 inde
2035 3475 2084 3511 ob
2103 3474 2269 3521 particu-

145 3524 224 3562 erit‘
239 3523 272 3561 F
287 3524 324 3561 G
343 3522 392 3560 ad
410 3522 483 3568 bd,
506 3530 550 3561 ut
565 3523 601 3558 A
622 3523 659 3561 G
675 3525 695 3546 ²
712 3528 753 3569 Χ
773 3537 796 3561 a
809 3538 827 3561 s
845 3524 895 3562 ad
908 3538 931 3562 a
944 3524 970 3562 d
983 3527 1002 3547 2
1021 3530 1061 3569 ><
1084 3525 1120 3562 A
1137 3525 1177 3563 S.
1234 3524 1360 3562 larum
1379 3523 1756 3572 correspondentiam
1774 3524 2065 3563 similitudinem
2085 3533 2123 3563 et
2141 3525 2270 3563 datam

149 3576 225 3615 Sed
259 3577 344 3627 (per
374 3576 462 3613 Cor.
497 3581 531 3614 1.
566 3574 679 3613 Lem.
704 3576 808 3625 XI.)
843 3578 878 3614 B
903 3578 943 3615 D
963 3593 971 3614 :
1001 3577 1033 3614 F
1056 3577 1093 3615 G
1122 3593 1180 3615 =
1234 3576 1466 3614 densitatum
1481 3576 1678 3620 rationem,
1692 3577 1923 3627 quantitates
1937 3577 2064 3615 motus
2077 3591 2165 3627 quae
2179 3586 2271 3616 sunt

150 3631 190 3667 A
211 3628 252 3666 D
271 3630 290 3652 2
309 3643 319 3666 t
347 3629 386 3666 A
409 3629 447 3666 G
467 3631 512 3676 ²;
539 3626 657 3678 quare
685 3629 771 3679 (per
788 3630 1100 3678 compositionem
1120 3641 1180 3677 ra,-
1232 3637 1278 3667 ut
1296 3630 1513 3667 velocitates
1537 3636 1575 3667 et
1592 3629 1797 3669 densitates
1815 3638 1853 3668 et
1871 3630 2069 3668 volumina
2086 3632 2270 3681 conjunc-

146 3680 299 3720 tionum
317 3688 355 3719 et
372 3692 418 3719 ex
439 3681 569 3732 aequo)
593 3681 628 3718 Β
645 3678 705 3720 D:
727 3682 753 3719 b
771 3681 796 3719 d
814 3697 871 3717 =
894 3683 931 3719 A
956 3682 996 3720 D
1016 3684 1035 3705 ²
1057 3687 1097 3728 ><
1121 3695 1145 3720 a
1162 3695 1181 3720 s
1232 3681 1315 3727 tim,
1349 3682 1389 3719 in
1421 3682 1516 3720 locis
1542 3681 1730 3721 similibus
1756 3692 1915 3721 manent
1933 3682 1974 3719 in
1993 3682 2081 3721 data
2107 3686 2266 3722 ratione.

147 3747 158 3772 τ
181 3747 205 3771 a
222 3732 247 3771 d
266 3735 285 3757 2
308 3738 349 3779 Χ
375 3734 412 3772 A
438 3735 475 3772 S.
537 3732 638 3772 curn
670 3733 790 3782 igitur
820 3736 869 3771 ob
900 3734 1182 3785 triangulorum
1239 3734 1483 3773 Reflexiones
1517 3734 1636 3785 igitur
1669 3748 1757 3786 quae
1793 3748 1852 3773 ex.
1877 3735 2068 3785 ejusmodi
2104 3737 2273 3774 motibus

149 3787 188 3825 A
211 3786 239 3824 S
256 3786 309 3831 D,
329 3798 353 3823 a
369 3799 389 3822 s
405 3786 444 3832 d,
463 3786 753 3824 similitudinem
775 3793 837 3837 (ex
860 3787 993 3837 Hyp.)
1014 3787 1063 3825 sit
1084 3788 1120 3825 A
1140 3788 1181 3825 D
1234 3795 1350 3837 atque
1378 3787 1600 3827 occursibus
1630 3789 1820 3827 similibus
1856 3796 2091 3836 nascuntur;
2129 3789 2272 3828 similes

146 3857 158 3870 r
183 3838 325 3877 ad=
349 3839 386 3876 A
410 3839 465 3878 ὃς
489 3836 709 3878 asetideo
737 3840 776 3877 A
799 3840 879 3878 D2
902 3845 1052 3887 xas:
1075 3840 1180 3880 ad²
1234 3846 1359 3879 erunt.

203 3907 307 3946 Vox..
333 3908 394 3946 11.
1196 3910 1238 3947 Ν
