2502 4192
274 297 341 342 84
793 294 1357 350 PHILOSOPHIAE
1397 296 1852 351 NATURALIS
1964 300 2411 363 [Mor.CORPoR‚

264 435 405 489 recta
431 435 631 489 infinita
661 437 698 489 S
729 437 791 489 M
816 437 1192 509 longitudinem
1227 438 1265 490 S
1292 437 1357 489 M
1382 438 1634 507 aequalem
1668 449 1944 508 assumptae
1981 441 2032 491 A
2060 442 2137 504 H,
2184 450 2234 493 et
2270 443 2411 513 erige

1788 528 1840 579 A
1868 528 1917 578 Κ
1958 591 2029 599 -
2059 529 2109 610 f}
2146 561 2316 613 ductae
2353 564 2408 613 in

1804 612 1906 663 Ak
2071 633 2100 665 e

259 707 450 751 rectam
478 699 709 769 quamvis
735 699 925 751 datam.
1004 698 1169 766 Simili
1193 699 1440 751 methodo
1465 717 1533 751 ex
1557 699 1830 768 assumptis
1854 699 2088 768 pluribus
2124 698 2405 773 longitudi-

257 789 408 840 nibus
448 789 500 841 A
528 788 590 841 H
625 788 934 840 invenienda
970 799 1090 841 sunt
1125 789 1276 857 plura

256 887 449 947 puncta
500 877 571 940 N,
625 887 676 928 et
719 896 814 946 per
858 879 1031 930 omnia
1071 879 1273 949 agenda

257 968 320 1032 (¹¹)
350 985 506 1019 curva
524 967 658 1018 linea
687 967 938 1038 regularis
966 968 1020 1019 N
1047 969 1098 1020 N
1121 969 1177 1020 X
1199 969 1269 1033 N,

254 1076 433 1109 secans
481 1067 676 1109 rectam
723 1058 760 1109 S
800 1057 865 1109 M
893 1057 957 1109 M
985 1057 1049 1109 M
1095 1059 1149 1108 in
1194 1059 1268 1110 X.
1364 1097 1396 1137 S

247 1146 565 1201 Assumatur
614 1147 824 1198 demum
869 1148 919 1198 A
949 1147 1008 1198 H
1052 1149 1263 1217 aequalis

253 1239 493 1289 abscissae
523 1239 559 1290 S
588 1237 662 1300 X,
704 1247 755 1288 et
779 1236 902 1288 inde
927 1237 1099 1289 denuo
1124 1239 1267 1291 inve-

252 1328 422 1381 niatur
458 1326 731 1398 longitudo
759 1327 808 1378 A
841 1326 892 1377 K
908 1346 922 1387 3
968 1337 1019 1378 et
1043 1327 1268 1399 longitu-

249 1416 413 1479 dines,
443 1434 560 1485 quae
585 1416 688 1467 sint
714 1415 781 1465 ad
806 1425 1121 1483 assumptam
1146 1418 1523 1489 longitudinem
1544 1420 1594 1471 A
1616 1420 1643 1471 I
1670 1429 1722 1471 et
1745 1419 1880 1471 hanc
1904 1419 2137 1470 ultimam
2163 1419 2214 1469 A
2238 1416 2312 1478 H,
2341 1424 2399 1467 ut

251 1503 522 1576 longitudo
549 1505 599 1556 A
629 1503 682 1555 K
707 1521 802 1572 per
828 1504 1239 1572 experimentum
1265 1509 1472 1578 cognita
1498 1509 1564 1560 ad
1591 1509 1771 1559 ultimo
1810 1509 2071 1559 inventam
2108 1504 2389 1576 longitudi—

246 1614 368 1648 nem
395 1597 446 1648 A
475 1595 544 1658 K,
588 1604 739 1646 erunt
764 1612 899 1644 verae
944 1594 1047 1646 illae
1083 1596 1433 1668 longitudines
1473 1599 1523 1649 A
1551 1599 1577 1649 I
1616 1607 1667 1649 et
1704 1599 1755 1649 A
1783 1598 1859 1660 H,
1905 1599 1967 1665 (⁰)
2005 1614 2129 1666 quas
2173 1594 2402 1645 invenire

247 1686 493 1755 oportuit.
551 1684 717 1736 Hisce
736 1682 859 1734 vero
876 1682 1006 1734 datis
1033 1685 1239 1737 dabitur
1265 1696 1316 1739 et
1340 1687 1629 1739 resistentia
1645 1688 1802 1739 medii
1817 1688 1871 1738 in
1889 1687 2005 1738 loco
2029 1688 2096 1749 A,
2120 1686 2184 1754 (P)
2203 1685 2395 1754 quippe

245 1793 362 1844 quae
388 1775 454 1826 sit
477 1774 545 1825 ad
569 1773 674 1824 vim
698 1770 961 1842 gravitatis
989 1782 1048 1823 ut
1074 1774 1125 1824 A
1148 1774 1209 1826 H
1235 1776 1300 1826 ad
1326 1783 1359 1847 ἓ
1388 1777 1438 1827 Α
1466 1776 1508 1827 Ι.
1585 1776 1845 1846 Augenda
1870 1785 1947 1827 est
1971 1784 2141 1826 autem
2166 1772 2394 1823 densitas

243 1864 401 1916 medii
425 1882 519 1933 per
548 1863 681 1932 Reg.
710 1868 760 1912 4.
787 1869 838 1911 et
862 1862 1153 1915 resistentia
1178 1865 1334 1916 modo
1359 1865 1585 1928 inventa,
1627 1866 1691 1933 (q)
1720 1865 1763 1916 si
1792 1864 1848 1915 in
1870 1863 2050 1915 eadem
2076 1862 2275 1913 ratione
2300 1879 2393 1911 au-

242 1962 441 2022 geatur,
470 1950 561 2001 fiet
585 1946 886 2000 accuratior.
2079 2018 2083 2022 -

316 2044 445 2111 Reg.
479 2050 527 2094 8.
569 2041 629 2110 (r)
659 2037 890 2091 Inventis
915 2037 1325 2110 longitudinibus
1356 2042 1407 2093 A
1436 2041 1514 2104 H,
1545 2040 1606 2092 H
1634 2041 1690 2092 X
1706 2059 1719 2102 3
1761 2040 1802 2092 si
1819 2041 1927 2109 jam
1953 2038 2272 2091 desideretur
2295 2054 2391 2105 po-

243 2128 359 2184 sitio
384 2142 539 2184 rectae
567 2132 618 2182 A
648 2130 725 2192 H,
755 2133 1042 2185 secundum
1068 2150 1222 2200 quam
1246 2130 1529 2199 projectile,
1557 2129 1677 2181 data
1702 2128 1789 2180 illa
1817 2145 1934 2180 cum
1953 2127 2219 2189 velocitate
2238 2125 2390 2193 emis-

244 2241 358 2273 sum
402 2220 583 2272 incidit
621 2220 677 2270 in
719 2232 971 2288 punctum
1012 2220 1229 2290 quodvis
1261 2219 1341 2269 K:
1389 2219 1455 2269 ad
1480 2216 1672 2287 puncta
1698 2219 1749 2269 A
1775 2227 1827 2269 et
1854 2217 1907 2268 K
1944 2217 2208 2287 erigantur
2232 2223 2388 2266 rectae

241 2314 292 2363 A
321 2312 383 2375 C,
427 2311 479 2363 K
509 2312 552 2362 F
587 2311 845 2364 horizonti
880 2309 1352 2381 perpendiculares,
1400 2327 1619 2378 quarum
1657 2309 1708 2359 A
1736 2308 1784 2359 C
1819 2307 2063 2359 deorsum
2099 2305 2295 2368 tendat,
2328 2315 2387 2356 et

240 2411 474 2471 aequetur
499 2400 598 2469 ipsi
625 2401 675 2452 A
703 2401 730 2452 I
758 2420 847 2453 seu
874 2402 904 2464 ὲ
934 2401 995 2453 Η
1022 2400 1095 2451 Χ.
1173 2398 1495 2468 Asymptotis
1523 2397 1573 2448 A
1603 2396 1671 2459 K,
1692 2395 1757 2463 Κ
1785 2395 1830 2447 F
1856 2396 1914 2464 (⁵)
1943 2395 2263 2447 describatur
2287 2394 2385 2466 hy-

239 2493 469 2561 perbola,
510 2494 654 2562 cujus
691 2495 968 2565 conjugata
1002 2501 1233 2544 transeat
1257 2509 1360 2559 per.
1376 2501 1629 2559 punctum
1659 2489 1720 2552 C,
1761 2499 2042 2560 centroque
2069 2490 2120 2541 A
2146 2499 2198 2541 et
2221 2489 2383 2542 inter·

240 2582 374 2633 vallo
401 2584 451 2633 A
479 2581 540 2633 H
576 2581 896 2634 describatur
934 2581 1154 2634 circulus
1194 2598 1372 2632 secans
1406 2578 1745 2650 hyper-bolam
1781 2578 1922 2630 illam
1957 2578 2012 2630 in
2053 2588 2248 2648 puncto
2288 2579 2380 2642 H3
2428 2595 2431 2598 ’

261 532 690 626 perpendiculum
730 557 795 610 M
822 557 876 609 N
912 558 1109 629 aequale
1147 557 1403 610 rationum
1448 556 1750 609 differentiae

294 2742 353 2793 (¹¹)
375 2746 396 2768 '⁷⁵
422 2746 547 2784 Curva
566 2747 763 2795 regularis.
825 2745 928 2784 Vide
946 2751 1079 2783 notam
1097 2746 1161 2783 75.
1189 2742 1276 2782 Lib.
1334 2749 1427 2787 tam,
1458 2749 1572 2793 atque
1590 2741 1706 2779 etiam
1724 2748 1770 2780 ut
1795 2739 2115 2790 perpendiculum
2136 2741 2174 2779 A
2197 2742 2219 2780 I
2237 2742 2278 2779 in
2297 2754 2379 2780 me.

242 2797 370 2847 hujus.
1336 2795 1402 2833 dio
1430 2795 1630 2835 resistente
1660 2794 1710 2832 ad
1737 2794 2053 2844 perpendiculum
2077 2797 2115 2832 A
2138 2795 2159 2832 I
2187 2795 2225 2833 in
2245 2797 2377 2833 charta

295 2849 352 2901 (⁰)
374 2852 402 2874 ²³¹⁵·
424 2852 525 2893 Quas
543 2847 902 2902 invenirebportuit.
967 2850 1068 2890 Cum
1088 2850 1195 2888 enim
1214 2851 1281 2888 ab·
1336 2856 1588 2897 assumptum.
1651 2847 1807 2892 Quibus
1835 2847 2012 2894 inventis,
2049 2847 2210 2885 describi
2237 2849 2377 2897 poterit

240 2901 355 2940 scissa
375 2903 403 2940 S
423 2903 472 2940 M
490 2902 727 2954 longitudini
755 2912 961 2952 assumptae
992 2904 1029 2941 A
1053 2904 1097 2941 H
1127 2902 1284 2954 aequalis
1336 2901 1545 2951 hyperbola
1576 2901 1710 2939 similis
1737 2908 1777 2938 et
1807 2901 1964 2951 aequalis
1994 2901 2222 2950 hyperbolae,
2256 2914 2373 2952 quam

261 2987 270 2995 .
430 2987 440 2996 .
607 2989 617 2997 .
759 2989 769 2997 .
815 2958 853 2995 A
869 2958 911 2995 Κ
1019 2956 1045 2994 (1
1185 2969 1191 2974 ·
1334 2967 1472 3004 corpus
1489 2954 1531 2992 in
1547 2954 1677 2992 medio
1694 2954 1890 2993 resistente
1907 2954 2115 3004 descripsit.

241 2996 301 3033 Sit,
322 2995 360 3026 et
370 2996 564 3082 rationum
579 2989 794 3028 dlfferentia
817 3013 903 3061 ῃ
934 3011 988 3021 -
1006 3009 1054 3060 -Ξ-
1068 2994 1281 3037 exponatur
1386 3038 1443 3088 (p)
1459 3040 1480 3063 ἠ
1500 3040 1643 3090 Quippe
1658 3053 1746 3091 quoe
1758 3043 1806 3080 sit
1819 3043 1870 3078 ad
1883 3042 1960 3079 vim
1970 3042 2177 3090 gravitatis,
2194 3041 2263 3078 &a
2304 3039 2369 3077 Ex

241 3084 309 3120 per
335 3073 549 3112 ⁰rd¹¹¹atam
581 3075 631 3113 Μ
651 3075 717 3123 N3
751 3075 820 3114 Ubi
847 3076 891 3114 fit
905 3076 948 3167 ἒ
967 3076 1016 3166 Ing
1035 3092 1092 3112 =
1113 3076 1143 3165 ἓ
1172 3075 1215 3112 X
1242 3082 1281 3114 et
1331 3088 1598 3130 demonstratis
1615 3094 1656 3130 in
1674 3094 1747 3131 hoc
1765 3093 1909 3132 scholio
1927 3102 2017 3132 ante
2039 3093 2234 3143 Regulam
2257 3097 2288 3130 1.
2308 3104 2368 3130 re-

241 3157 402 3206 proinde
423 3159 471 3197 M
492 3160 534 3197 N
551 3176 608 3198 =
627 3173 663 3206 o,
692 3168 749 3200 est
766 3160 882 3200 etiam
917 3196 955 3233 A
971 3194 998 3232 k
1028 3182 1082 3192 —
1098 3184 1149 3231 ἶ
1163 3176 1219 3197 =
1239 3172 1275 3205 0,
1330 3173 1501 3215 sistentia
1512 3184 1568 3216 est
1580 3177 1630 3216 ad
1640 3177 1864 3230 gravitatem
1875 3184 1920 3216 ut
1934 3178 2078 3216 AHad
2095 3146 2279 3262 ῼΞᾞὲ
2288 3158 2362 3224 nx

242 3282 281 3313 et
309 3273 395 3314 ideo
425 3244 539 3348 {HI}
558 3294 615 3315 =
635 3246 698 3351 ἓ,
732 3286 846 3331 atque
881 3281 908 3319 S
929 3280 972 3317 X
997 3278 1152 3329 aequalis
1181 3289 1279 3315 verae
1334 3278 1378 3368 H
1397 3278 1524 3380 1²3¹oe
1542 3283 1610 3324 est,
1630 3283 1675 3315 ut
1697 3277 1735 3315 A
1755 3277 1800 3317 H
1819 3277 1868 3315 ad
1887 3265 1919 3330 ἓν
1941 3276 1980 3315 Α
2002 3276 2035 3322 Ι,
2055 3278 2105 3315 ob
2123 3289 2220 3313 n=
2240 3280 2256 3313 1
2281 3277 2369 3326 ‘(per

1380 3344 1405 3380 ‚V
1406 3344 1442 3380 P·

241 3359 475 3411 longitudini
502 3364 741 3403 assumendae
763 3366 800 3403 A
823 3365 867 3403 H
890 3367 974 3418 (pq’
992 3371 1070 3402 not.
1093 3362 1277 3413 praeced.)
1387 3383 1444 3435 (q)
1483 3386 1501 3409 ι,
1534 3385 1574 3422 Si
1597 3382 1639 3423 fn
1669 3386 1799 3421 eadem
1829 3383 1971 3422 ratione
2001 3390 2200 3432 augeatur·
2261 3381 2368 3418 Nam

246 3413 286 3474 Si
301 3414 431 3475 itaque
450 3427 496 3477 ‘5¹
512 3416 610 3483 dati}
636 3418 909 3467 perpendicnlo
931 3419 969 3455 A
993 3418 1012 3456 Ῑ
1032 3425 1070 3455 et
1088 3415 1177 3454 vera
1195 3416 1279 3453 1⁰¹¹*
1333 3435 1423 3474 data
1453 3435 1659 3482 velocitate,
1697 3435 1908 3475 resistentia
1938 3443 1995 3474 est
2024 3443 2070 3474 ut
2094 3434 2212 3473 medii
2239 3433 2367 3472 densi-

241 3466 419 3517 gitudme
453 3477 609 3508 inventa
641 3471 679 3508 A
710 3471 755 3509 H
793 3484 883 3509 cum
914 3471 1059 3522 angulo
1094 3470 1137 3507 H
1169 3471 1207 3507 A
1241 3470 1281 3506 N
1333 3496 1400 3528 tas·

243 3527 449 3569 quaeratur'
478 3529 523 3559 nt
541 3535 667 3572 supra,
688 3524 892 3575 longitudo
924 3526 960 3562 A
986 3525 1051 3570 K;
1079 3524 1128 3561 Ob
1147 3522 1281 3560 Simili·
1388 3557 1443 3610 (r)
1465 3560 1485 3583 ¹⁶
1508 3526 1675 3599 Inventis
1693 3560 1987 3607 longitudinibus
2007 3559 2046 3595 A
2066 3558 2122 3602 H,
2143 3558 2194 3595 H
2207 3557 2262 3599 X,
2292 3555 2362 3592 διο.

240 3572 416 3611 tudinem
453 3574 667 3625 figurarum
701 3576 743 3613 in
778 3577 906 3615 medio
942 3577 1138 3615 resistente
1173 3582 1212 3613 et
1238 3576 1279 3612 in
1337 3611 1511 3650 Inventis
1529 3611 1633 3648 enim
1655 3614 1742 3659 (pet
1763 3612 1861 3662 Reg·
1885 3610 1946 3659 7.)
1967 3610 2077 3647 lineis
2098 3609 2136 3646 A
2152 3609 2173 3646 I
2193 3616 2232 3645 et
2251 3609 2286 3645 A
2305 3608 2364 3654 H,

241 3627 373 3664 charta
391 3627 677 3676 descriptarum,
699 3629 769 3667 erit
787 3629 990 3681 longitudo
1014 3631 1050 3667 A
1073 3629 1114 3666 K
1134 3628 1282 3677 experi-
1483 3664 1492 3672 .
2116 3661 2124 3669 ·

241 3686 374 3717 mento
394 3681 548 3732 cognita
567 3680 616 3719 ad
633 3680 919 3732 longnudinem
943 3685 979 3721 A
1003 3682 1044 3721 K
1064 3681 1204 3719 ummo
1221 3682 1281 3718 in„
1335 3664 1450 3703 datur
1466 3664 1568 3702 hnea
1588 3664 1631 3702 H
1650 3665 1706 3709 X,
1726 3673 1771 3701 ut
1789 3672 1877 3714 pote
1894 3676 1980 3713 quae
1991 3661 2146 3713 aequahs
2164 3668 2220 3700 est
2235 3666 2258 3698 2
2275 3661 2313 3699 A
2329 3658 2366 3708 I,

241 3739 396 3770 ventam
424 3735 466 3771 in
492 3735 632 3779 charta,
668 3743 712 3772 ut
739 3735 942 3785 longitudo
964 3737 1002 3773 A
1024 3736 1068 3773 H
1088 3734 1129 3771 in
1156 3734 1283 3772 medio
1336 3719 1385 3757 Ob
1403 3730 1430 3755 ¹¹
1447 3733 1503 3755 =
1525 3721 1561 3764 ¹2
1584 3718 1705 3769 (Reg·
1729 3716 1789 3766 5·)

242 3784 440 3825 resistente
458 3786 507 3826 ad
525 3787 809 3839 longitudinem
840 3788 879 3826 A
901 3789 945 3826 H
974 3789 1016 3826 in
1034 3786 1164 3828 charta
1186 3786 1280 3827 duc·
1388 3788 1441 3841 (⁸)
1462 3790 1485 3814 ¹*
1505 3790 1754 3830 Describatur
1771 3789 1977 3839 hyperbola-
2010 3787 2120 3840 (346.
2145 3784 2232 3826 Lib.
2252 3783 2312 3835 1.)
