2502 4192
0 3839 25 4192 vzfflztywaerwszrb-‚ff
0 3778 6 3789 ,.
1 3755 5 3759 .
2 3730 4 3733 ,

163 257 349 309 ΙΛΒΕη
379 255 650 318 Securum]
716 252 1117 326 PRINCIPIA
1158 252 1776 322 MATHEMATICA.
2206 268 2307 314 199

159 396 348 448 vertice
377 395 438 457 C,
480 413 576 446 axe
607 395 651 446 C
679 394 729 446 A
755 404 807 445 et
831 394 989 446 latere
1014 405 1154 446 recto
1183 394 1234 450 Cv
1255 394 1306 445 A
1331 394 1663 463 descriptum,
1708 406 1760 447 et
1797 395 2020 447 solidum
2044 400 2304 466 posterius

160 494 236 536 est
261 483 523 552 cylindrus
547 482 869 551 paraboloidi
895 483 1325 551 circumscriptus,
1356 484 1428 550 (†)
1457 493 1509 534 et
1533 494 1714 535 notum
1740 495 1818 535 est
1843 484 1984 553 quod
2008 465 2315 553 parabolois=

168 574 233 623 sit
281 570 502 623 semissis
552 571 772 641 cylindri
822 572 1210 641 circumscripti.
1306 574 1450 645 Ergo
1497 575 1572 625 vis
1622 585 1731 626 tota
1778 575 1937 627 medii
1985 576 2038 627 in
2086 577 2302 647 globum

156 673 234 715 est
268 662 428 731 duplo
464 663 635 714 minor
671 683 824 734 quam
861 663 1092 733 ejusdem
1128 665 1204 716 vis
1241 674 1349 716 tota
1384 665 1438 715 in
1476 665 1782 736 cylindrum.
1860 666 1930 717 Et
1954 678 2229 734 propterea
2255 668 2298 719 si

154 751 419 821 particulae
444 753 601 804 medii
627 753 963 822 quiescerent,
1003 762 1054 804 et
1079 752 1340 823 cylindrus
1365 772 1424 805 ac
1449 755 1635 825 globus
1672 754 1859 824 aequali
1884 773 2001 805 cum
2027 755 2295 808 velocitate

154 849 499 903 moverentur,
537 840 670 893 foret
693 840 982 893 resistentia
1004 839 1148 911 globi
1172 840 1336 910 duplo
1363 842 1533 895 minor
1558 841 1713 913 quam
1738 843 2028 895 resistentia
2055 844 2295 914 cylindri·

164 929 235 991 Q.
263 947 307 980 e.
334 928 384 980 d.

1094 1145 1349 1198 scholium.

229 1298 291 1366 (q)
321 1295 522 1348 Eadem
546 1294 793 1349 methodo
819 1295 1001 1366 figurae
1037 1293 1141 1345 illae
1177 1295 1311 1346 inter
1336 1313 1388 1345 se
1415 1294 1963 1364 quoadresistentiam
2002 1298 2293 1365 comparari

153 1398 384 1456 possunt,
431 1406 608 1458 eaeque
644 1386 862 1438 inveniri
888 1405 1003 1456 quae
1029 1385 1096 1437 ad
1120 1396 1292 1438 motus
1319 1404 1436 1437 suos
1461 1386 1516 1436 in
1541 1386 1722 1438 mediis
1747 1387 2098 1439 resistentibus
2126 1388 2290 1438 conti-

152 1530 260 1568 ·-C
290 1529 381 1574 ΕΖ,
416 1524 579 1577 ἱάθόῳιε
611 1527 653 1564 K
685 1526 845 1572 C><E
877 1526 1055 1563 H=C
1086 1525 1191 1572 E²3

153 1582 219 1619 sed
237 1582 268 1618 si
287 1593 332 1618 ex
353 1589 496 1629 puncto
519 1580 562 1617 H
581 1579 786 1617 duceretur
804 1578 852 1616 ad
882 1579 913 1617 C
942 1580 989 1624 A,
1020 1578 1195 1616 ordinata

151 1633 485 1683 perpendicularis,
520 1633 602 1670 haec
620 1639 717 1669 esset
741 1630 897 1681 aequalis
919 1631 951 1669 C
976 1631 1025 1676 Ε,
1061 1637 1100 1668 et
1126 1633 1192 1669 ab-

152 1686 343 1724 scinderet
360 1699 383 1723 a
405 1687 437 1724 C
461 1687 511 1731 A,
532 1694 678 1734 partem
699 1685 884 1735 aequalem
909 1684 945 1720 E
969 1684 1023 1721 Η.
1061 1682 1193 1728 Quare

152 1739 420 1790 rectangulum
449 1741 520 1776 sub
539 1737 701 1777 abscissa
720 1746 758 1775 et
776 1737 864 1775 data
876 1736 978 1773 linea
1001 1737 1043 1774 K
1062 1738 1094 1774 C
1114 1736 1192 1774 sive

158 1794 190 1831 C
213 1794 264 1836 A,
286 1792 431 1842 aequale
450 1800 506 1830 est
523 1792 708 1842 quadrato
726 1790 910 1827 ordinatae
928 1790 977 1827 ad
999 1791 1030 1827 C
1051 1791 1088 1828 A
1108 1802 1194 1838 per-

152 1845 430 1893 pendicularis;
451 1846 555 1884 unde
574 1858 690 1883 curva
706 1845 738 1882 C
756 1844 800 1881 H
815 1844 867 1888 N,
890 1847 976 1894 (per
991 1843 1129 1880 Theor.
1153 1843 1187 1879 I.

152 1898 200 1936 de
218 1899 368 1948 parab.)
389 1906 445 1936 est
462 1898 641 1947 parabola
655 1899 766 1948 cujus
780 1904 905 1934 vertex
925 1897 970 1943 C,
988 1896 1070 1933 axis
1088 1896 1119 1934 C
1137 1896 1190 1942 A,

153 1959 193 1989 et
210 1952 310 1989 latus
329 1959 476 1989 rectum
499 1953 531 1990 C
556 1952 606 1990 A.

208 2005 271 2056 (†)
296 2008 318 2029 '¹‘
340 2007 395 2043 Et
415 2013 550 2044 notum
569 2007 745 2055 estquod,
767 2004 836 2041 &c-

208 2062 296 2097 191.
329 2059 502 2096 Lemma.
564 2057 784 2096 Parabolois
802 2068 869 2093 seu
884 2054 1050 2093 solidum
1069 2067 1114 2092 ex
1128 2067 1188 2092 ro-

153 2110 296 2149 tatione
313 2111 502 2160 parabolae
524 2111 556 2149 C
581 2111 623 2148 H
645 2110 699 2156 N,
719 2109 817 2147 circa
835 2121 946 2146 axem
970 2109 1001 2146 C
1022 2102 1057 2145 A
1078 2109 1189 2158 geni-

153 2171 239 2201 tum
257 2171 314 2201 est
331 2164 494 2201 semissis
513 2163 676 2213 cylindri
694 2161 980 2209 circumscripti,
1008 2162 1074 2210 qui
1102 2174 1190 2209 pro-

153 2216 308 2254 ducitur
334 2229 381 2255 ex
409 2218 598 2255 rotatione
616 2216 826 2266 rectanguli
851 2219 889 2252 A
913 2215 954 2252 K
974 2212 1072 2251 circa
1091 2214 1191 2252 latus

156 2270 188 2307 C
212 2272 264 2308 A.
308 2270 384 2307 Per
401 2278 588 2317 punctum
606 2269 749 2306 mobile
771 2269 818 2312 P,
839 2268 1006 2317 erigatur
1015 2267 1063 2304 ad
1078 2280 1188 2304 axem

157 2321 190 2360 C
212 2324 249 2360 A
269 2322 451 2361 nor-malis
474 2323 507 2361 P
528 2323 588 2369 M,
609 2322 828 2371 parabolam
854 2333 983 2358 secans
1002 2320 1043 2356 in
1065 2320 1121 2362 H,
1152 2327 1191 2359 et

153 2383 296 2414 rectam
320 2376 360 2413 K
384 2376 422 2413 N
438 2376 479 2413 in
500 2376 547 2413 M
561 2390 572 2423 3
602 2383 640 2413 et
657 2376 697 2412 in
716 2375 903 2412 rotatione
920 2373 1055 2422 figurae
1074 2373 1191 2411 totius

153 2428 254 2467 circa
282 2441 391 2466 axem
430 2429 462 2467 C
486 2430 537 2475 A,
567 2429 679 2466 lineae
702 2428 736 2466 P
756 2428 800 2465 H
831 2436 869 2464 et
899 2427 933 2467 P.
955 2427 1001 2464 M
1030 2426 1193 2464 circulos

153 2482 379 2525 describent,
400 2482 467 2532 qui
486 2490 601 2520 erunt
617 2481 717 2519 inter
733 2494 774 2519 se
792 2487 837 2518 ut
854 2479 1048 2517 radiorum
1073 2479 1106 2516 P
1128 2480 1188 2525 H,

157 2534 182 2573 I
216 2536 261 2573 M
281 2535 476 2585 quadrata,
510 2548 578 2573 seu
605 2538 670 2586 (ex
689 2533 825 2572 natura
842 2533 1049 2582 parabolae)
1079 2539 1118 2570 et
1144 2534 1194 2570 ob

156 2589 191 2626 P
213 2588 262 2626 M
283 2603 339 2623 =
364 2589 401 2625 A
423 2588 475 2632 N,
506 2595 551 2625 ut
569 2588 742 2626 abscissae
764 2588 795 2625 C
821 2586 869 2632 P,
893 2587 925 2624 C
949 2586 999 2623 A.
1062 2586 1199 2623 Duca-

155 2649 219 2681 tur
240 2642 324 2692 jam
350 2650 540 2691 punctum
562 2642 597 2680 P
616 2654 706 2679 cum
732 2639 902 2678 verticali
933 2639 967 2677 P
989 2639 1033 2676 H
1055 2639 1103 2676 M
1132 2651 1200 2687 per

347 3471 390 3511 A
895 3445 951 3517 ἐξ
980 3479 1034 3518 N

153 3616 274 3648 totam
291 3606 536 3647 altitudinem
558 3606 590 3644 C
612 3605 665 3652 A,
694 3611 734 3643 et
751 3603 918 3643 solidum
937 3617 984 3642 ex
1002 3604 1192 3644 rotatione

152 3662 290 3722 figurae
322 3662 354 3700 C
377 3661 421 3698 H
443 3661 483 3698 N
517 3658 692 3710 genitum
724 3658 795 3696 erit
820 3657 870 3696 ad
901 3658 1118 3705 cylindrum
1144 3671 1192 3695 ex

150 3713 339 3753 rotatione
355 3712 569 3763 rectanguli
591 3712 623 3750 C
642 3711 684 3748 K
698 3711 739 3748 N
757 3712 795 3749 A
815 3717 955 3755 ortum,
977 3718 1021 3748 ut
1039 3724 1189 3749 summa

148 3767 324 3806 omnium
341 3765 572 3804 circulorum
592 3776 689 3814 quos
705 3771 809 3801 recta
826 3763 979 3800 mobilis
1001 3764 1035 3801 P
1057 3764 1099 3801 H
1126 3776 1188 3801 ro·

145 3820 264 3859 tando
281 3818 472 3865 describit,
492 3817 541 3857 ad
559 3828 751 3855 summam
767 3815 941 3854 omnium
957 3816 1188 3855 circulorum

1247 1538 1343 1575 quos
1374 1525 1572 1563 describit*
1585 1534 1687 1564 recta
1718 1527 1753 1564 P
1773 1527 1835 1572 M,
1868 1528 1941 1564 hoc
1968 1534 2036 1573 est,
2067 1534 2111 1565 ut
2138 1541 2290 1566 summa

1246 1578 1424 1616 omnium
1449 1580 1481 1616 C
1504 1579 1550 1624 P,
1580 1580 1630 1616 ad
1649 1592 1842 1617 summam
1870 1581 2047 1618 omnium
2071 1582 2102 1618 C
2126 1582 2176 1618 A.
2238 1582 2289 1618 In

1246 1630 1350 1668 linea
1373 1633 1409 1668 A
1432 1631 1473 1668 N
1524 1632 1696 1680 capiatur
1718 1633 1755 1669 A
1781 1633 1819 1670 R
1839 1633 1994 1682 aequalis
2017 1634 2054 1671 A
2078 1634 2121 1678 C,
2146 1634 2290 1684 junga-

1245 1691 1310 1721 tur
1332 1685 1364 1722 C
1389 1685 1427 1722 R
1445 1692 1576 1721 secans
1600 1685 1633 1722 P
1655 1685 1699 1721 H
1718 1685 1759 1722 in
1782 1685 1830 1729 L,
1859 1695 1897 1722 et
1915 1685 2084 1734 erigatur
2101 1687 2150 1723 ad
2173 1687 2210 1723 A
2236 1688 2286 1733 R,

1245 1737 1570 1786 perpendicularis
1594 1738 1632 1775 R
1655 1739 1707 1782 Q,
1742 1737 1876 1775 secans
1909 1739 1944 1775 P
1964 1739 2010 1775 M
2041 1739 2081 1775 in
2104 1740 2165 1785 V3
2197 1752 2288 1776 cum

1247 1790 1294 1827 sit
1312 1803 1461 1839 semper
1482 1791 1517 1828 P
1540 1792 1572 1828 L
1588 1807 1644 1827 =
1662 1792 1693 1829 C
1719 1791 1761 1836 P,
1783 1798 1821 1829 et
1842 1792 1875 1828 P
1891 1792 1926 1828 V
1941 1808 1997 1827 =
2018 1793 2048 1830 C
2068 1792 2118 1837 A,
2135 1805 2289 1830 summa

1246 1845 1423 1881 omnium
1448 1845 1478 1882 C
1503 1844 1548 1888 P,
1583 1857 1650 1881 seu
1681 1844 1717 1881 P
1738 1845 1785 1887 L,
1816 1857 1884 1892 per
1902 1852 2021 1882 totam
2042 1845 2287 1883 altitudinem

1250 1897 1283 1934 C
1307 1897 1359 1940 A,
1379 1903 1437 1933 est
1455 1897 1692 1947 triangulum
1712 1897 1867 1934 isoscele
1889 1899 1921 1934 C
1945 1898 1984 1935 R
2007 1898 2056 1942 A,
2079 1906 2116 1936 et
2135 1911 2287 1936 summa

1245 1949 1421 1987 omnium
1443 1950 1475 1987 C
1492 1950 1542 1992 A,
1564 1963 1631 1987 seu
1654 1950 1689 1987 P
1706 1951 1754 1994 V,
1775 1962 1843 1999 per
1860 1950 2021 1987 eandem
2040 1950 2286 1988 altitudinem

1250 2003 1283 2040 C
1307 2004 1357 2048 A,
1388 2011 1443 2040 est
1475 2002 1707 2052 quadratum
1742 2004 1775 2041 C
1806 2004 1843 2040 A
1877 2004 1916 2041 R
1947 2004 2009 2048 Q,;
2048 2016 2138 2040 cum
2166 2004 2286 2052 igitur

1242 2055 1482 2106 triangulum
1494 2056 1525 2094 C
1541 2057 1578 2093 R
1590 2058 1643 2099 A,
1657 2057 1705 2093 sit
1715 2056 1878 2093 semissis
1889 2056 2064 2107 quadrati
2080 2057 2111 2095 C
2125 2058 2160 2094 A
2177 2058 2215 2094 R
2228 2057 2282 2102 Q,

1242 2108 1456 2157 parabolois
1491 2116 1548 2147 est
1583 2108 1698 2147 etiam
1734 2109 1898 2147 semissis
1929 2109 2092 2158 cylindri
2119 2110 2283 2148 circum.

1243 2161 1385 2210 scripti.
1448 2162 1500 2206 Q.
1523 2175 1556 2199 e.
1580 2162 1617 2199 d.
1750 2175 1753 2179 '

1299 2215 1355 2267 (q)
1389 2219 1477 2254 192.
1520 2213 1673 2254 Eadem
1700 2218 1881 2260 methodo,
1908 2215 1978 2253 διε.
2041 2199 2216 2253 Solidum
2235 2229 2282 2253 ex

1242 2269 1429 2306 rotatione
1456 2280 1583 2306 curvae
1610 2268 1779 2319 cujusvis
1808 2268 1850 2306 K
1872 2269 1907 2307 B
1933 2269 1983 2312 A,
2018 2267 2118 2306 circa
2134 2277 2279 2306 rectam

1247 2322 1284 2359 A
1308 2322 1329 2360 1
1348 2321 1536 2370 positione
1553 2321 1682 2360 datam
1701 2322 1931 2373 geniturum
1945 2321 2075 2360 medio
2087 2321 2283 2360 resistente

1294 2474 1336 2513 G
1612 2456 1739 2493 αῖς

1245 3185 1442 3218 moveatur
1459 3178 1672 3219 secundum
1703 3179 1950 3218 directionem
1981 3186 2094 3218 rectae
2113 3179 2136 3218 1
2160 3180 2211 3225 A,
2240 3186 2280 3217 et

1244 3240 1415 3282 oporteat
1433 3233 1681 3271 resistentiam
1700 3246 1816 3283 quam
1835 3233 1979 3281 patitur
1996 3233 2170 3271 conferre
2187 3245 2279 3271 cum

1244 3285 1456 3324 resistentia
1487 3285 1652 3336 cylindri
1680 3285 1895 3323 secundum
1921 3285 2083 3323 eandem
2102 3285 2277 3323 directio-

1244 3350 1333 3376 nem
1352 3339 1447 3376 moti
1465 3346 1504 3376 et
1521 3339 1631 3393 cujus
1648 3339 1747 3377 basis
1765 3347 1820 3376 est
1847 3339 2013 3376 circulus
2041 3339 2148 3377 radio
2181 3339 2219 3375 K
2244 3339 2276 3376 C

1244 3391 1295 3429 ad
1317 3392 1352 3430 A
1378 3392 1409 3429 C
1429 3378 1589 3429 normali
1609 3391 1832 3439 descriptus.
1893 3391 2095 3429 Diametro
2125 3392 2157 3429 C
2180 3391 2201 3427 I
2230 3390 2280 3436 ad

1244 3444 1443 3482 arbitrium
1480 3444 1673 3492 assumpta
1720 3443 1954 3482 describatur
1997 3445 2107 3481 semi·
2113 3444 2281 3481 circulus

1249 3497 1281 3535 C
1305 3498 1331 3535 S
1354 3497 1386 3538 Ι,
1408 3505 1543 3547 agatur
1560 3510 1628 3544 per
1646 3505 1833 3544 punctum
1857 3497 1876 3534 Ι
1897 3498 2038 3534 chorda
2059 3497 2080 3534 Ι
2099 3498 2136 3541 S,
2156 3496 2281 3544 paral-

1244 3549 1321 3586 lela
1343 3550 1377 3587 B
1402 3551 1441 3587 D
1468 3562 1622 3587 curvam
1642 3550 1815 3598 tangenti
1833 3549 1873 3586 in
1893 3557 2039 3598 puncto
2057 3550 2191 3598 quovis
2214 3549 2248 3586 B
2265 3563 2277 3594 ;

1245 3603 1408 3640 ducatur
1435 3615 1502 3650 per
1525 3602 1559 3640 B
1579 3610 1681 3639 recta
1703 3603 1738 3640 B
1761 3603 1799 3640 V
1816 3603 1998 3651 parallela
2020 3603 2056 3639 A
2081 3602 2115 3647 1,
2146 3609 2184 3638 et
2212 3613 2281 3649 per

1249 3656 1275 3694 S
1294 3662 1395 3693 recta
1416 3656 1507 3692 sH
1528 3655 1706 3703 parallela
1729 3656 1761 3693 C
1784 3655 1838 3700 K,
1871 3657 1994 3692 ambae
2013 3661 2282 3691 concurrentes

1244 3709 1287 3745 in
1310 3709 1365 3751 H,
1402 3708 1527 3757 sitque
1555 3708 1596 3752 Q,
1614 3708 1658 3745 H
1681 3709 1718 3746 E
1738 3720 1855 3746 curva
1868 3719 1982 3757 quam
2016 3715 2204 3754 punctum
2233 3706 2279 3744 H

1243 3760 1429 3810 perpetuo
1442 3761 1584 3810 tangit3
1601 3768 1639 3798 et
1649 3761 1840 3809 completo
1853 3759 2077 3809 rectangulo
2094 3760 2127 3797 C
2140 3759 2180 3796 K
2195 3760 2231 3797 G
2246 3759 2279 3805 1,

1244 3814 1454 3852 resistentia
1472 3813 1583 3852 solidi
1610 3814 1765 3852 rotundi
1792 3825 1861 3862 per
1883 3812 2170 3851 conversionem
2193 3824 2282 3851 cur-

1172 3884 1258 3923 N4
