2502 4192
247 265 350 312 288
763 247 1325 313 PHILosoPfflAE
1365 258 1816 313 NATURALIS
1927 260 2109 324 [Mor.
2130 262 2380 314 comm.

242 399 494 451 dem,non
532 409 609 451 est
643 399 757 450 haec
780 398 1064 467 proportio.
1141 399 1512 450 Verumtamen
1550 398 1648 449 nisi
1692 400 2066 452 contractiones
2112 410 2163 451 et
2187 401 2382 453 dilata-

240 488 405 538 tiones
445 487 545 538 sint
580 486 728 538 valde
765 485 998 548 intensae,
1039 503 1147 536 non
1184 485 1374 536 errabit
1413 485 1735 548 sensibiliter,
1776 486 1997 557 ideoque
2033 506 2131 557 pro
2167 487 2380 558 physice

240 577 477 629 accurata
504 577 682 628 haberi
706 586 889 644 potest.
966 577 1029 644 (P)
1062 577 1194 628 Sunt
1233 584 1405 627 autem
1444 576 1577 627 vires
1617 576 1840 627 elasticae
1878 578 2115 629 motrices
2153 588 2212 630 ut
2250 578 2377 631 con-

239 669 512 720 tractiones
539 677 589 718 et
614 667 964 729 dilatatione83
1006 676 1057 719 et
1098 667 1389 718 velocitates
1424 667 1646 734 partium
1686 668 1963 738 aequalium
2000 670 2146 721 simu]
2188 670 2379 740 genitae

240 770 360 811 sunt
384 769 442 810 ut
466 759 613 809 vires.
689 758 921 827 Ideoque
958 759 1181 828 aequales
1208 768 1260 810 et
1287 761 1753 828 correspondentes
1791 762 2036 829 pulsuum
2076 777 2383 831 correspon-‘

239 849 470 901 dentium
506 857 678 916 partes
705 848 805 898 itus
833 857 884 899 et
908 847 1103 900 reditus
1142 866 1261 899 suos
1299 866 1394 916 per
1431 848 1594 917 spatia
1629 850 2068 901 contractionibus
2105 863 2158 902 et
2194 848 2379 903 dilata-4

239 940 464 992 tionibus
487 939 908 1008 proportionalia,
938 958 1055 990 cum
1081 938 1435 991 velocitatibus
1462 957 1578 1009 quae
1606 950 1725 992 sunt
1750 951 1807 992 ut
1833 941 2011 1009 spatia,
2053 941 2203 992 simul
2227 960 2378 1010 pera·
2409 997 2411 999 ,

237 1040 390 1101 gent:
432 1040 484 1082 et
506 1040 783 1099 propterea
807 1029 1003 1098 pulsus,
1045 1029 1132 1099 qui
1169 1038 1403 1096 tempore
1428 1027 1528 1079 itus
1555 1039 1605 1080 et
1629 1028 1824 1082 reditus
1863 1029 2015 1080 unius
2054 1018 2378 1082 latitudinem

239 1141 385 1174 suam
409 1121 797 1193 progrediendo
824 1120 1120 1182 conficiunt,
1150 1128 1201 1171 et
1226 1119 1279 1169 in
1304 1118 1419 1179 loca
1443 1118 1686 1187 pulsuum
1710 1118 1949 1188 proxime
1973 1120 2378 1189 praecedentium

237 1233 441 1283 semper
467 1213 764 1276 succedunt,
794 1212 861 1263 ob
888 1211 1233 1282 aequalitatem
1259 1210 1634 1273 distantiarum,
1673 1208 1861 1281 ‘aequali
1886 1228 2006 1261 cum
2028 1211 2298 1262 velocitate
2322 1211 2377 1262 in

235 1304 407 1355 medio
432 1313 651 1372 utroque
676 1301 1090 1373 progredientur.
1894 1300 1895 1303 ’

311 1396 422 1447 Cas.
451 1401 499 1445 2.
555 1394 647 1446 Sin
684 1393 925 1461 pulsuum
967 1393 1223 1444 distantiae
1262 1412 1352 1445 seu
1389 1393 1739 1465 longitudines
1784 1393 1885 1445 sint
1926 1396 2145 1464 majores
2181 1394 2237 1446 in
2274 1412 2380 1446 uno

233 1483 407 1535 medio
450 1482 605 1553 quam
641 1483 696 1533 in
731 1483 923 1546 alter03
964 1484 1028 1552 (q)
1056 1501 1308 1551 ponamus
1348 1484 1489 1554 quod
1525 1494 1698 1552 partes
1724 1486 2186 1554 correspondentes
2214 1484 2379 1553 spatia

233 1572 592 1623 latitudinibus
629 1571 873 1640 pulsuum
911 1573 1319 1641 proportionalia
1364 1573 1577 1644 singulis
1615 1573 1811 1624 vicibus
1839 1575 2010 1625 eundo
2036 1585 2087 1625 et
2112 1574 2380 1625 redeundo

235 1663 555 1715 describant:
612 1674 663 1715 et
704 1664 762 1732 (Γ)
809 1663 1033 1732 aequales
1085 1673 1236 1714 erunt
1288 1682 1465 1714 earum
1516 1664 1890 1715 contractiones
1941 1674 1992 1715 et
2040 1664 2379 1715 dilatationes.

238 1752 468 1822 Ideoque
497 1752 538 1803 si
564 1752 734 1802 media
760 1752 862 1803 sint
885 1750 1224 1822 homogenea,
1266 1752 1489 1821 aequales
1517 1761 1668 1803 erunt
1693 1752 1845 1802 etiam
1871 1752 2003 1803 vires
2029 1752 2132 1803 illae
2157 1753 2381 1804 ela-stica}

236 1841 478 1892 motrices
522 1840 708 1910 quibus
752 1840 1020 1907 reciproco
1058 1845 1202 1891 motu
1242 1839 1517 1910 agitantur.
1596 1839 1821 1891 Materia
1859 1851 2032 1891 autem
2067 1840 2149 1891 his
2187 1841 2380 1891 viribus

239 1930 502 1993 movenda
528 1940 606 1981 est
630 1939 688 1980 ut
711 1929 957 1997 pulsuum
993 1928 1242 1989 latitud03
1283 1937 1336 1979 et
1371 1928 1426 1978 in
1463 1927 1644 1979 eadem
1681 1930 1880 1980 ratione
1918 1939 1995 1980 est
2031 1929 2252 1997 spatium
2287 1947 2382 1997 per

237 2018 379 2089 quod
406 2017 617 2089 singulis
644 2017 839 2068 vicibus
866 2016 1038 2067 eundo
1064 2027 1115 2068 et
1139 2016 1406 2067 redeundo
1432 2016 1630 2067 moveri
1656 2017 1862 2069 debent.
1939 2018 1998 2087 (ὃ)
2029 2018 2226 2088 Estque
2251 2029 2380 2070 tem-

238 2126 335 2176 pus
374 2105 473 2158 itus
511 2116 562 2157 et
598 2104 794 2156 reditus
832 2105 983 2156 unius
1027 2105 1082 2155 in
1125 2105 1324 2156 ratione
1361 2104 1643 2173 composita
1682 2124 1747 2157 ex
1784 2105 1981 2157 ratione
2024 2106 2381 2176 subduplicate'i

238 2199 467 2250 materiae
506 2207 557 2249 et
593 2196 792 2249 ratione
830 2195 1187 2265 subduplicata
1229 2196 1395 2265 spatii,
1443 2206 1597 2267 atque
1630 2195 1749 2248 ideo
1783 2207 1841 2248 ut
1877 2196 2113 2267 spatium.
2191 2198 2379 2251 Pulsus

241 2378 337 2417 a‘eris
355 2378 522 2416 densitas
541 2378 577 2414 vi
597 2377 716 2427 ipsius
730 2377 894 2414 elasticae
906 2375 1198 2425 proportionalis
1209 2388 1290 2412 non
1343 2387 1467 2426 geneo
1486 2382 1524 2412 et
1543 2374 1632 2413 data
1649 2374 1834 2425 pulsuum
1862 2374 2064 2413 latitudine
2092 2376 2256 2425 spatium
2276 2376 2381 2427 quod

240 2439 385 2475 manet,
422 2431 453 2468 si
485 2430 605 2468 nimia
636 2431 674 2467 vi
706 2430 983 2477 comprimatur
1015 2429 1075 2467 vel
1107 2429 1290 2466 dilatetur

243 2486 320 2523 a'e'r.
353 2487 373 2509 *
402 2483 576 2534 Singulae
595 2483 872 2521 diminutiones
891 2482 1180 2520 intervallorum
1194 2488 1290 2519 sunt

242 2545 288 2575 ut
306 2536 523 2575 velocitates
542 2538 599 2589 (n.
628 2537 711 2587 19.)
732 2549 811 2573 non
831 2543 959 2573 tamen
980 2548 1026 2572 ex
1046 2547 1092 2572 eo
1113 2535 1285 2584 sequitur

244 2590 520 2628 contractiones
548 2602 627 2627 esse
645 2597 691 2627 ut
708 2589 939 2634 velocitates,
973 2590 1095 2640 (hunc
1114 2586 1204 2625 vero
1223 2600 1284 2624 ca-

245 2655 332 2680 sum
356 2650 392 2680 et
412 2643 577 2692 reliquos
591 2642 933 2680 demonstravimus
945 2654 983 2680 n.
1000 2646 1063 2681 29.
1078 2640 1286 2678 additionis

245 2696 294 2733 de
313 2696 413 2734 Mot.
443 2695 570 2733 Fluid.
597 2695 744 2744 Elast.)

300 2749 356 2800 (Ρ)
381 2751 401 2773 *
424 2752 522 2787 Sunt
540 2756 670 2787 autem
682 2751 775 2787 vires
790 2750 952 2787 elasticae
966 2750 1147 2786 motrices.
1183 2747 1289 2783 Nam

245 2801 343 2839 vires
360 2801 523 2839 elasticae
549 2802 725 2839 motrices
743 2809 834 2838 sunt
851 2809 896 2838 ut
914 2801 1081 2849 partium
1101 2799 1282 2850 analoga-

245 2867 333 2893 rum
351 2854 568 2900 densitates,
588 2856 662 2892 hoc
680 2862 748 2900 est,
771 2854 859 2892 data
872 2854 1042 2891 materiae
1057 2854 1280 2903 quantitate,

246 2915 290 2945 ut
309 2908 608 2954 contractiones;
630 2915 668 2945 et
685 2907 962 2945 contractiones
976 2914 1065 2944 sunt
1085 2914 1130 2945 ut
1148 2905 1282 2943 dilata-

246 2960 369 2998 tiones
387 2973 474 3010 quae
492 2960 637 2998 viribus
663 2960 825 2998 elasticis
851 2959 968 2997 medii
995 2961 1177 2998 contracti
1198 2971 1285 3007 pro-

248 3013 466 3060 ducuntur3
486 3021 522 3052 et
539 3016 745 3052 velocitates
758 3015 930 3063 partium
945 3015 1152 3064 aequalium
1171 3014 1286 3050 simul

244 3068 381 3116 genitce
394 3075 484 3105 sunt
499 3074 545 3105 ut
558 3069 653 3105 vires
667 3071 748 3117 (15.
768 3066 855 3104 Lib.
875 3066 947 3115 1.),
963 3067 1036 3103 hoc
1048 3075 1115 3112 est,
1133 3074 1177 3103 ut
1191 3077 1282 3102 con-

248 3119 450 3159 tractiones
469 3127 507 3157 et
526 3119 778 3165 dilatationes,
807 3120 957 3169 ideoque
977 3131 1067 3155 cum
1087 3119 1208 3168 spatia
1235 3118 1286 3155 si-

251 3172 336 3209 mul
354 3172 540 3221 descripta
562 3173 638 3211 sint
665 3180 710 3210 ut
736 3172 956 3209 velocitates
985 3172 1102 3210 simul
1134 3170 1288 3223 genitae,

248 3227 409 3275 oequales
436 3233 470 3262 et
500 3228 828 3274 correspondentes
851 3227 1040 3274 pulsuum
1074 3238 1288 3274 correspon-

249 3280 417 3316 dentiam
443 3286 570 3327 partes
601 3281 676 3317 itus
702 3286 737 3316 et
764 3280 907 3317 reditus
934 3292 1033 3323 suos,
1066 3291 1134 3316 seu
1162 3284 1290 3315 motus

249 3343 338 3368 suos
344 3343 413 3379 per
423 3333 542 3379 spatia
555 3333 872 3370 contractionibus
880 3333 1287 3380 proporci‹malia,cum

248 3386 498 3422 velocitatibus
517 3397 601 3433 quae
622 3392 714 3423 sunt
732 3392 778 3423 ut
795 3386 917 3433 spatia
935 3386 1052 3422 simul
1075 3391 1257 3434 peragent
1269 3402 1283 3429 ,-

248 3446 282 3475 et
296 3444 491 3487 propterea
499 3438 635 3486 pulsus
650 3439 715 3486 qui
732 3444 895 3486 tempore
909 3436 983 3475 itas
997 3445 1032 3475 et
1045 3437 1185 3476 reditas
1198 3439 1286 3474 lati·

249 3492 423 3528 tudinem
441 3503 552 3528 suam
574 3492 842 3538 progrediendo
862 3492 1067 3543 conficiunt
1088 3491 1218 3542 (314.)
1248 3502 1283 3528 ει

247 3545 290 3581 in
315 3545 395 3582 loca
417 3545 608 3592 pulsuum
628 3541 795 3591 Ῑηυωίτηέ
816 3545 1116 3592 prceccdentium
1143 3556 1286 3593 semper

248 3599 471 3641 succedunt,
501 3597 542 3633 ob
562 3596 818 3645 oequalitatem
836 3597 1111 3634 distantiarum
1130 3595 1287 3645 aequali-

249 3651 322 3686 bus
338 3648 577 3697 temporibus
595 3649 869 3697 descriptarum
888 3650 1029 3698 aequali
1047 3662 1138 3688 cum
1155 3650 1271 3687 veloci
1276 3671 1288 3679 -

248 3709 321 3740 tate
340 3704 382 3740 in
402 3704 525 3740 medio
541 3708 701 3751 utroque
712 3703 1021 3750 progredientur.

302 3766 359 3817 (q)
386 3770 598 3806 ’Ponamus
643 3769 741 3817 quod
780 3774 910 3815 partes
950 3771 1284 3817 correspondentes.

253 3820 450 3863 Quoniam
471 3822 560 3872 (per
582 3820 668 3858 Cas.
691 3819 747 3870 1.)
776 3819 817 3856 in
844 3818 981 3857 eodem
1007 3820 1135 3858 medio
1153 3822 1288 3859 homo-

1341 2436 1467 2477 partes
1503 2428 1622 2464 medii
1668 2427 1877 2465 oscillando
1921 2428 2151 2475 describunt,
2197 2438 2379 2467 manente

1343 2488 1514 2529 tempore
1541 2481 1797 2525 oscillationis,
1828 2481 1954 2518 minui
1982 2490 2103 2530 potest
2129 2483 2171 2519 in
2202 2480 2293 2520 data
2318 2496 2379 2520 ra-

1338 2533 1464 2577 tione;
1486 2533 1583 2570 nihil
1600 2536 1722 2571 obstat
1737 2533 1946 2584 quominus
1959 2533 1999 2570 in
2014 2535 2087 2571 hoc
2106 2535 2275 2573 secundo
2289 2548 2379 2573 casu

1340 2594 1579 2634 supponatur
1610 2586 1714 2636 quod
1747 2595 1873 2635 partes
1904 2586 2121 2625 mediorum
2158 2600 2379 2637 correspon-

1339 2639 1474 2676 dentes
1495 2639 1617 2687 spatia
1631 2639 1902 2678 latitudinibus
1915 2640 2099 2688 pulsuum
2117 2641 2378 2689 proportiona-

1342 2691 1406 2735 lia,
1444 2692 1580 2729 iisdem
1612 2692 1859 2730 manentibus
1892 2692 2174 2730 oscillationum
2211 2692 2251 2730 in
2280 2706 2379 2730 uno-

1342 2757 1495 2795 quoque
1526 2745 1656 2783 medio
1683 2744 1931 2795 temporibus,
1964 2745 2092 2784 eundo
2116 2755 2155 2784 et
2180 2745 2378 2785 redeundo

1341 2805 1574 2846 percurrant.

1393 2885 1448 2937 (Γ)
1472 2889 1492 2911 *
1515 2888 1700 2937 AEquales
1718 2894 1845 2925 erunt.
1908 2886 1948 2924 Si
1978 2885 2106 2924 media
2136 2885 2212 2924 sint
2242 2887 2378 2924 homo-

1340 2952 1476 2990 genea,
1497 2939 1555 2977 uti
1574 2940 1615 2978 in
1632 2940 1705 2977 hoc
1725 2939 1893 2977 secundo
1910 2952 2000 2977 casu
2012 2940 2253 2988 supponitur,
2281 2939 2379 2977 vires

1340 2993 1504 3029 elasticae
1522 2993 1703 3030 motrices
1722 3000 1813 3029 sunt
1830 3001 1875 3029 ut
1893 2992 2059 3041 partium
2079 2992 2378 3040 corresponden-

1338 3046 1437 3082 tium
1450 3047 1724 3083 contractiones
1737 3045 2028 3083 etdilatationes
2041 3058 2135 3094 quas
2145 3045 2375 3093 producunt,

1344 3098 1410 3136 sed
1437 3099 1528 3148 quia
1560 3098 1791 3147 quantitates
1817 3098 1985 3135 materiae
2003 3098 2042 3134 in
2064 3099 2233 3146 partibus
2252 3110 2379 3135 corre-

1344 3151 1622 3199 spondentibus
1648 3158 1739 3188 sunt
1766 3159 1809 3188 ut
1835 3151 2019 3200 pulsuum
2048 3150 2279 3196 latitudines,
2309 3163 2378 3189 seu

1344 3212 1390 3241 ut
1408 3204 1574 3252 partium
1594 3204 1845 3253 analogarum
1865 3203 2073 3249 volumina,
2103 3212 2140 3241 et
2158 3212 2282 3251 partes
2300 3203 2377 3240 illae

1343 3257 1518 3307 analogae
1545 3256 1675 3293 eundo
1702 3263 1741 3293 et
1766 3256 1966 3293 redeundo
1984 3256 2195 3294 dilatantur
2221 3263 2260 3294 et
2285 3268 2377 3294 con-

1343 3311 1549 3347 trahuntur
1563 3321 1633 3357 per
1652 3309 1772 3358 spatia
1789 3309 2066 3359 quantitatibus
2092 3309 2263 3346 materiae
2290 3321 2378 3357 pro-

1340 3362 1570 3411 portionalia
1599 3364 1685 3412 (per
1714 3361 1847 3410 Hyp.)
1882 3362 2158 3400 contractiones
2176 3368 2215 3399 et
2241 3361 2378 3399 dilata-

1340 3415 1463 3453 tiones
1494 3412 1661 3465 ide6que
1691 3414 1789 3452 vires
1821 3414 1985 3453 elasticae
2011 3414 2188 3452 motrices
2214 3414 2393 3465 aequales¹

1340 3475 1464 3506 erunt.

1397 3559 1451 3611 (³)
1487 3562 1508 3584 *
1544 3561 1692 3611 Estque
1718 3568 1864 3609 tempus
1894 3559 1971 3599 itt'ls
2000 3568 2036 3599 et
2064 3559 2215 3599 reditas.
2273 3560 2378 3597 Nam

1344 3618 1498 3660 tempus
1515 3625 1593 3661 quo
1611 3613 1770 3651 materia
1787 3613 1929 3651 viribus
1956 3613 2167 3663 aequalibus
2185 3611 2233 3650 ad
2252 3613 2377 3663 legem

1346 3664 1557 3702 oscillantis
1583 3665 1743 3714 penduli
1769 3666 1948 3716 agitatur,
1977 3673 2034 3703 est
2050 3665 2090 3702 in
2110 3665 2255 3703 ratione
2273 3678 2379 3703 com-

1346 3717 1469 3765 posita
1498 3730 1544 3754 ex
1573 3716 1842 3768 subduplicata
1867 3719 2013 3756 ratione
2039 3718 2208 3755 materioe
2226 3726 2264 3756 et
2291 3720 2379 3755 sub-

1346 3769 1542 3817 duplicata
1587 3771 1733 3808 ratione
1776 3771 1889 3821 spatii
1934 3773 2020 3824 (per
2060 3770 2147 3809 Cor.
2183 3775 2219 3810 5.
2258 3771 2373 3820 Prop.

1345 3821 1516 3860 XXIV.
1542 3822 1628 3861 Lib.
1655 3822 1740 3873 ΙΙ.)
