2502 4192
263 297 294 339 6
803 281 1370 339 PHILOSOPHIAE
1410 277 1859 333 NATURALIS
1938 277 2388 342 [MOT.C01·.P0R.

318 431 356 470 Si
376 431 551 481 quaedam
569 443 614 468 ex
628 429 1109 480 ordinatislogarithmicae,
1130 436 1175 466 ut
1192 430 1228 466 A
1250 429 1298 474 B,
1353 427 1653 478 quamproximae
1688 433 1727 465 et
1762 425 1957 476 aequaliter
1991 424 2183 469 distantes,
2231 431 2287 461 est
2324 435 2391 471 per

262 485 311 522 sit
330 484 485 534 aequalis
504 484 653 530 unitati,
682 491 871 532 punctum
889 495 1003 520 axeos
1024 483 1062 519 A
1082 481 1144 519 cui
1163 482 1302 519 insistit

264 546 440 575 censetur
471 538 718 575 abscissarum
749 537 869 586 origo,
902 543 942 573 et
966 535 1138 573 abscissae
1156 548 1179 572 a
1196 541 1302 583 parte

268 591 306 628 A
330 592 375 628 M
405 600 581 639 sumptae,
611 597 702 627 sunt
727 590 911 637 positivae,
939 602 962 625 a
979 595 1086 636 parte
1108 590 1144 624 A
1169 587 1205 625 O
1235 600 1302 624 ne-

266 644 405 694 gativae
432 651 470 680 et
487 644 648 681 abscissa
667 641 860 690 pertinens
887 640 936 679 ad
961 641 1176 679 ordinatam
1206 641 1244 677 A
1266 641 1301 678 B

266 697 344 735 sive
362 697 410 735 ad
429 697 616 734 unitatem
635 703 691 733 est
709 696 837 744 ipsum
855 707 891 733 ο.

302 1694 417 1732 Cor-ol.
435 1697 468 1731 1.
485 1695 726 1747 Dg'fferentice
737 1696 1022 1745 qnamminimoe
1034 1696 1299 1734 ordinatarum

260 1746 526 1793 legarithmicae
544 1749 751 1797 aequalibus
769 1750 1018 1798 tempusculis
1032 1750 1181 1797 genitae,
1208 1755 1299 1786 sunt

260 1805 305 1836 ut
324 1800 398 1835 illm
416 1802 613 1837 ordinatae.

318 1850 367 1887 In
387 1852 520 1900 quovis
539 1851 642 1888 enim
661 1858 806 1900 puncto
824 1850 1099 1901 logarithmicae
1124 1850 1302 1890 velocitas

260 1902 323 1939 axi
354 1903 679 1952 perpendicularis
707 1903 785 1954 qua
817 1904 999 1942 ordinatae
1036 1911 1213 1941 crescunt
1239 1903 1299 1940 vel

259 1955 495 2003 decrescunt,
512 1966 569 1994 est
582 1956 767 1994 ordinatae
786 1955 1079 2005 proportionalis
1099 1959 1163 2007 (ex
1182 1956 1257 1994 def.
1267 1955 1297 2003 ),

262 2007 328 2044 sed
347 2008 510 2046 durante
527 2009 770 2057 tempusculo
789 2009 938 2048 infinite
958 2020 1075 2058 parvo
1102 2008 1168 2045 illa
1197 2008 1299 2046 velo-

265 2059 358 2098 citas
376 2061 578 2099 uniformis
597 2069 652 2099 est
671 2063 872 2106 censenda.
902 2070 940 2100 et
967 2060 1178 2111 aequalibus
1204 2068 1301 2099 tem-

266 2114 436 2160 pusculis
472 2115 708 2152 incrementa
739 2114 799 2152 vel
835 2114 1077 2152 decrementa
1112 2113 1300 2151 linearum

266 2173 357 2203 sunt
371 2174 415 2203 ut
433 2167 649 2204 velocitates
667 2167 880 2205 uniformes
897 2167 1036 2218 quibus
1054 2174 1299 2215 generantur,

266 2230 358 2268 ergo
393 2219 628 2257 incrementa
666 2221 726 2257 vel
761 2221 1003 2258 decrementa
1038 2218 1299 2256 ordinatarum

262 2270 299 2307 h.
319 2283 354 2308 e.
388 2284 518 2310 earum
551 2273 775 2310 differentiae
806 2273 1017 2324 aequalibus
1051 2271 1300 2321 tempusculis

263 2325 509 2374 genitae,sunt
526 2333 570 2363 ut
588 2326 665 2363 illae
680 2326 876 2364 ordinatae.

319 2381 435 2417 Corol.
462 2383 497 2415 2.
525 2381 607 2418 Sint
620 2382 804 2421 ordinata·
820 2380 961 2434 quaevz‘s

264 2432 369 2476 PM,
388 2433 484 2482 QN,
500 2434 695 2473 ducantur
709 2439 795 2474 duce
807 2440 891 2475 aliae
902 2452 960 2475 or-

264 2485 408 2521 dinatae
422 2498 449 2533 p
467 2500 517 2530 m,
537 2501 559 2537 q
574 2501 602 2526 n
620 2489 707 2537 ipsis
726 2493 960 2539 quamproxi—

261 2548 334 2573 mae
361 2545 393 2575 et
423 2540 468 2576 ab
488 2541 536 2577 iis
554 2543 750 2591 aequaliter
768 2545 957 2586 distantes,

255 2603 284 2638 p
294 2604 331 2627 m
339 2598 374 2628 et
384 2606 406 2641 q
415 2605 443 2630 n
452 2601 566 2631 erunt
577 2596 768 2643 prioribus
776 2598 959 2634 ordinatis

253 2645 550 2691 proportionales
566 2663 579 2684 .·
641 2646 835 2686 Velocitas
854 2650 958 2685 enim

259 2694 337 2743 qua
365 2696 538 2734 ordinata
556 2705 666 2736 motu
685 2700 757 2738 sibi
775 2701 959 2748 parallelo

259 2746 381 2785 fertur
399 2757 455 2786 est
475 2750 691 2797 uniformis,
710 2751 876 2803 ideoque
894 2767 957 2791 eo·

259 2799 350 2837 dem
375 2810 546 2850 tempore
573 2804 746 2842 ordinata
778 2806 811 2843 P
833 2807 880 2844 M
907 2809 956 2844 ad

259 2865 343 2900 pm
362 2856 556 2901 perveniet
573 2868 617 2894 ac
640 2858 677 2901 Q
696 2858 734 2895 N
753 2858 800 2895 ad
819 2871 843 2909 q
862 2872 887 2895 n
907 2862 956 2898 ob

259 2907 424 2955 aequales
438 2908 646 2955 distantias,
660 2923 762 2960 ergo,
776 2924 844 2959 per
861 2913 950 2950 Cor.

266 2962 299 2994 1.
323 2955 548 2998 differentiae
566 2962 826 3000 ordinatarum
849 2965 885 3002 P
906 2966 954 3003 M

258 3018 297 3047 et
319 3012 360 3055 Q
378 3013 417 3049 N
445 3012 538 3049 dum
559 3015 783 3062 perveniunt
800 3016 849 3054 ad
867 3030 893 3065 p
911 3031 952 3055 m

258 3069 296 3099 et
326 3076 351 3112 q
379 3076 402 3100 n
436 3074 549 3103 erunt
579 3067 626 3104 iis
657 3069 747 3116 ipsis
769 3069 952 3108 ordinatis

258 3117 564 3163 proportionales,
603 3121 669 3157 sed
700 3121 854 3171 adjectis
892 3124 950 3161 vel

257 3167 432 3206 detractis
461 3171 505 3207 iis
534 3171 755 3210 differentiis
786 3187 809 3211 a
839 3175 949 3214 lineis

262 3219 297 3257 P
318 3221 365 3258 M
385 3231 422 3259 et
444 3223 484 3267 Q
504 3224 543 3260 N
573 3225 672 3263 fiunt
690 3226 872 3264 ordinatae
890 3242 916 3278 p
935 3243 988 3276 m,
1009 3245 1033 3282 q
1051 3245 1090 3278 n,
1112 3239 1149 3269 et
1167 3233 1291 3284 adjec-

259 3273 307 3309 tis
338 3274 397 3310 vel
434 3274 611 3313 detractis
640 3291 685 3314 ex
716 3282 888 3318 terminis
923 3284 1079 3321 rationis
1113 3287 1292 3336 cujusvis,

259 3328 641 3374 correspondentibus
668 3332 841 3369 terminis
858 3335 1013 3372 rationis
1039 3337 1109 3385 ipsi
1139 3340 1294 3388 aequalis

260 3390 337 3414 non
366 3388 539 3440 mutatur
565 3382 668 3429 prior
686 3384 794 3428 ratio,
826 3398 917 3436 ergo
944 3389 1132 3426 ordinatae
1160 3404 1185 3438 p
1203 3404 1241 3427 m
1262 3398 1302 3428 et

259 3443 283 3479 q
303 3443 327 3467 n
359 3442 474 3470 erunt
506 3441 606 3471 mter
632 3448 672 3472 se
699 3444 744 3474 ut
772 3438 806 3475 P
825 3439 871 3475 M
900 3440 948 3477 ad
978 3442 1019 3485 Q
1038 3442 1090 3487 N,
1119 3450 1158 3480 et
1184 3444 1300 3481 etiam

260 3483 483 3522 alternando
507 3486 610 3523 PM
649 3501 842 3536 :pm=
866 3492 990 3536 QN:
1014 3507 1096 3544 qn.

305 3539 422 3575 Cor-ol.
435 3542 472 3574 5.
498 3541 538 3577 Si
550 3549 759 3579 sumantur
771 3545 814 3581 in
824 3557 891 3582 aare
894 3555 1043 3593 puncta
1063 3550 1102 3592 C,
1121 3549 1174 3591 D,
1194 3550 1241 3593 Ε.
1260 3551 1303 3588 F

258 3591 310 3626 acl
328 3592 524 3629 distantias
543 3595 705 3642 aequales
723 3602 757 3631 et
776 3600 1084 3644 quamminimas,
1114 3602 1155 3638 in
1182 3602 1298 3650 iisque

252 3645 409 3690 punctis
436 3646 638 3692 erigantur
669 3649 865 3692 ordinotoe,
903 3652 979 3687 illae
1008 3654 1138 3690 ordine
1165 3656 1296 3692 consti-

258 3702 363 3732 tuent
378 3699 667 3785 prqjgressionem
682 3704 962 3745 geometricam.
1022 3704 1124 3741 Nam
1143 3705 1233 3753 quia
1248 3719 1295 3743 ex

262 3744 370 3795 Hyp.
394 3760 437 3784 or
466 3749 580 3786 inatae
604 3750 639 3787 G
665 3751 696 3788 C
718 3759 756 3790 et
777 3752 819 3789 H
841 3754 893 3800 D,
916 3755 957 3792 H
979 3756 1019 3793 D
1034 3765 1072 3793 et
1094 3757 1134 3794 K
1150 3757 1185 3794 E
1205 3766 1296 3796 sunt

1011 3096 1504 3147 ABCDEFG

1358 480 1615 519 Corollarium
1641 479 1859 529 praecedens
1889 479 1926 517 G
1950 479 1982 516 C
2004 493 2012 515 ε
2041 478 2083 515 Η
2107 478 2147 514 D
2166 493 2222 513 =
2245 478 2288 513 H
2313 477 2353 513 D
2374 491 2383 514 z

1356 534 1399 571 K
1421 534 1471 579 E,
1497 532 1794 585 eademssratione
1812 539 1868 570 est
1889 531 1933 570 H
1956 532 1996 568 D
2017 547 2026 569 ι
2054 531 2093 568 Κ
2117 531 2153 566 Ε
2172 546 2228 565 =
2253 529 2292 566 K
2315 530 2351 566 E
2373 544 2382 567 :

1357 587 1395 624 L
1426 587 1469 631 F,
1506 586 1636 636 sicque
1671 584 1872 633 deinceps,
1898 583 2003 621 unde
2039 583 2159 632 liquet
2196 582 2388 619 ordinatas

1360 640 1397 677 G
1421 640 1485 677 C:
1510 640 1554 676 Η
1578 639 1649 677 D:
1675 638 1718 675 K
1739 638 1776 675 E
1797 653 1807 676 ε
1832 637 1868 675 L
1892 637 1936 683 F,
1965 637 2035 674 &c.
2056 648 2135 673 esse
2154 636 2193 671 in
2214 647 2387 685 progres-

1353 693 1460 731 sione
1478 689 1722 743 geometrica.

1739 747 1804 781 33.
1844 746 1975 782 leeor.
2006 744 2043 781 I.
2100 744 2316 781 Sumuntur
2344 742 2386 780 z‘n

1687 811 1753 835 ατε
1767 797 2034 846 logaritlzmicae
2048 802 2213 845 quatuor
2219 802 2381 843 puncta,

1687 852 1741 888 ita
1760 857 1805 887 ut
1823 853 1899 887 duo
1920 851 2052 897 priora
2072 861 2178 898 aeque
2196 862 2219 883 a
2238 860 2276 884 se
2293 861 2383 885 mu-

1685 902 1749 941 tuo
1770 904 1905 940 distent
1925 915 1970 939 ac
1988 904 2063 939 duo
2077 902 2295 950 posteriora,
2323 914 2383 936 or-

1685 959 1828 993 dinatae
1844 957 1885 993 in
1899 955 1945 992 iis
1952 955 2108 1003 punctis
2121 960 2252 990 erectae
2270 960 2383 991 erunt

1685 1010 1728 1047 in
1739 1009 1977 1057 proportione
1988 1003 2226 1056 geometrica.

1739 1063 1795 1099 Et
1811 1062 1843 1098 si
1860 1067 2067 1098 sumantur
2086 1062 2127 1097 in
2154 1071 2221 1096 axe
2248 1060 2383 1109 quotli-

1687 1115 1743 1152 bet
1758 1109 2030 1162 puncta‘aeque
2048 1113 2226 1149 distantia
2253 1114 2384 1149 ordine

1686 1168 1879 1211 continuo,
1907 1168 2089 1203 ordinatae
2107 1166 2151 1202 iis
2178 1166 2385 1202 insistentes

1687 1226 1799 1257 erunt
1817 1221 1858 1257 in
1870 1219 2126 1267 progressione
2140 1217 2378 1266 geometricci.

1744 1271 1954 1308 Sumantur
1972 1270 2013 1306 in
2037 1283 2109 1307 axe
2136 1270 2215 1306 duo
2242 1278 2385 1317 puncta

1690 1323 1834 1373 quaevis
1856 1324 1893 1360 A
1913 1330 1951 1360 et
1971 1323 2019 1366 E,
2041 1331 2079 1359 et
2098 1322 2172 1359 alia
2189 1321 2268 1359 duo
2284 1323 2325 1359 H
2347 1332 2385 1360 et

1693 1376 1734 1413 K
1767 1375 1859 1413 talia
1887 1383 1932 1413 ut
1962 1375 2010 1412 sit
2046 1375 2084 1412 A
2116 1375 2227 1412 E=
2252 1374 2295 1411 H
2326 1375 2381 1421 K,

1686 1429 1959 1478 eriganturque
1986 1428 2027 1464 in
2058 1428 2124 1464 illa
2154 1435 2296 1475 puncta
2322 1441 2384 1465 or-

1491 1521 1500 1533 ·
1686 1481 1830 1518 dinatae
1861 1482 1896 1518 A
1919 1481 1968 1525 L,
2001 1481 2037 1518 E
2061 1480 2107 1525 P,
2131 1481 2174 1518 H
2199 1481 2236 1525 S,
2261 1481 2302 1518 K
2322 1482 2381 1528 T;

1492 1539 1499 1565 ἔ
1684 1533 1771 1571 dico
1797 1533 1883 1571 illas
1913 1533 2104 1571 ordinatas
2124 1534 2204 1571 fore
2231 1541 2269 1571 et
2294 1546 2382 1584 pro-

1410 1583 1453 1630 N
1476 1584 1517 1619 Π-
1682 1586 1858 1636 portione
1874 1584 2119 1636 geometrica.

1741 1639 1952 1678 Dividatur
1996 1647 2075 1678 tam
2115 1640 2153 1677 A
2192 1641 2229 1678 Ε
2268 1653 2385 1691 quam

1354 1693 1401 1732 H
1418 1693 1473 1737 K,
1502 1693 1543 1730 in
1569 1701 1693 1742 partes
1709 1691 1859 1731 infinite
1877 1704 2010 1741 parvas
2036 1694 2198 1743 aequales
2216 1693 2315 1731 inter
2332 1708 2383 1741 se,

1354 1746 1512 1784 totidem
1540 1754 1652 1783 erunt
1684 1744 1886 1783 divisiones
1912 1746 1953 1782 in
1972 1756 2134 1796 utroque
2161 1746 2383 1794 interva1103

1354 1799 1550 1849 erigantur
1568 1800 1608 1835 in
1627 1798 1693 1835 illa
1711 1805 1854 1847 puncta
1872 1798 2063 1843 ordinatae,
2083 1798 2177 1836 fient
2190 1799 2278 1836 duae
2297 1812 2383 1847 pro-

1354 1851 1565 1900 gressiones
1582 1850 1835 1901 geometricae,
1863 1849 1905 1887 in
1931 1852 2070 1900 quibus
2095 1851 2252 1889 totidem
2272 1859 2384 1889 erunt

1351 1903 1519 1950 termini,
1552 1912 1590 1941 et
1625 1903 1788 1941 rationes
1810 1902 2061 1942 terminorum
2088 1905 2383 1945 successivornm

1351 1956 1516 2006 aequales
1547 1963 1679 2001 erunt,
1704 1955 1794 2005 quia
1825 1956 2009 1994 ordinatae
2039 1957 2082 1994 in
2109 1957 2269 2007 utraque
2295 1970 2382 2006 pro-

1351 2008 1543 2058 gressione
1562 2008 1758 2058 aequaliter
1774 2007 1915 2046 distant
1928 2023 1940 2055 3
1971 2021 2062 2059 ergo
2090 2022 2137 2047 ex
2166 2023 2285 2059 aequo,
2307 2011 2381 2059 pri-

1354 2073 1443 2097 mus
1470 2062 1657 2098 terminus
1678 2061 1716 2099 A
1736 2060 1772 2097 L
1791 2061 1925 2110 prioris
1950 2062 2221 2112 progressionis
2238 2064 2309 2100 erit
2334 2063 2382 2100 ad

1356 2113 1393 2150 E
1419 2114 1452 2150 P
1469 2114 1651 2150 ultimum
1680 2114 1886 2151 terminum
1919 2114 2000 2163 ejus
2030 2115 2310 2165 progressionis,
2339 2125 2384 2153 ut

1357 2166 1401 2203 H
1425 2166 1451 2203 S
1469 2167 1614 2213 primus
1641 2167 1826 2204 terminus
1852 2166 2007 2204 alterius
2037 2168 2308 2217 progressionis
2334 2170 2382 2206 ad

1352 2218 1434 2268 ejus
1453 2219 1633 2256 ultimum
1659 2220 1866 2256 terminum
1884 2219 1924 2256 K
1947 2220 1994 2257 T.
2056 2221 2107 2264 Q.
2127 2233 2160 2257 e.
2182 2221 2219 2258 d.

1407 2271 1463 2308 Et
1480 2272 1511 2308 si
1530 2279 1732 2309 sumantur
1750 2272 1790 2308 in
1809 2284 1880 2309 axe
1897 2272 2166 2321 plurapuncta
2184 2273 2293 2323 aeque
2304 2273 2379 2312 dis-

1353 2323 1473 2362 tantia
1490 2323 1622 2363 ordine
1641 2324 1824 2363 continuo
1837 2323 1908 2364 sibi
1926 2325 2178 2374 succedentia,
2197 2327 2380 2367 ordinatae

1885 3099 1938 3142 K
2270 3122 2306 3166 Ζ

1810 3203 1833 3228 ο

1345 3234 1387 3272 in
1405 3235 1451 3273 iis
1468 3236 1620 3285 punctis
1638 3245 1773 3277 emctae
1790 3246 1902 3278 erunt
1929 3239 1969 3277 in
1995 3239 2256 3291 progressione
2281 3251 2372 3291 geo·

1346 3289 1526 3328 met-rica:
1558 3292 1740 3338 probatur
1758 3299 1801 3330 ut
1818 3292 1860 3330 in
1882 3293 1970 3332 Cor.
1993 3298 2030 3330 3.
2054 3293 2169 3331 defin.

1402 3344 1520 3380 Corol.
1544 3345 1586 3382 Ε
1603 3357 1786 3391 converso,
1805 3347 1837 3383 si
1853 3348 1894 3384 in
1911 3345 2009 3385 lineri
2029 3345 2158 3397 quc‘ivis
2175 3352 2376 3385 summum·

1347 3395 1466 3442 plura
1479 3403 1639 3444 puncta,
1659 3400 1762 3446 oeque
1779 3400 1957 3437 distantia
1976 3401 2107 3438 ordine
2124 3400 2312 3443 continuo,
2341 3404 2377 3435 et

1353 3449 1395 3485 in
1413 3449 1458 3485 iis
1475 3450 1673 3497 erigantur
1684 3453 2011 3498 perpendiculares
2029 3464 2112 3502 quae
2131 3453 2205 3489 sint
2224 3454 2265 3488 i'n
2283 3463 2374 3499 pro-

1350 3501 1535 3547 gressione
1576 3505 1811 3549 geometrica,
1856 3505 2109 3552 Iogaritlzmica
2148 3505 2274 3553 aliqua
2307 3514 2374 3551 per

1350 3565 1485 3590 earwm
1497 3556 1871 3602 perpendicularium
1889 3560 2134 3595 eaetremitates
2152 3556 2335 3594 transibit.

1406 3604 1490 3642 Sint
1508 3608 1608 3642 enim
1633 3607 1684 3652 A,
1708 3607 1762 3652 D,
1787 3607 1835 3651 G,
1855 3608 1924 3646 διε.
1955 3621 1999 3646 ea
2018 3615 2159 3656 puncta
2176 3605 2283 3657 oeque
2300 3605 2376 3643 dis-

1351 3662 1471 3694 tanna
1490 3657 1781 3708 dividenturque
1807 3672 1940 3698 eorum
1966 3659 2163 3698 intervalla
2188 3660 2228 3696 in
2255 3668 2379 3708 partes

1348 3709 1514 3757 aequales
1540 3711 1846 3759 quamminimaS‚
1874 3712 2032 3750 totidem
2059 3721 2171 3750 erunt
2188 3711 2227 3748 in
2246 3711 2381 3760 quovis

1349 3760 1559 3806 intervallo,
1588 3771 1831 3802 assumantur
1853 3764 1990 3803 mediae
2006 3763 2303 3815 proportionales
2320 3763 2379 3801 in·
