2502 4192
250 324 319 367 50

770 321 1335 377 PHILOSOPHIAE
1378 324 1829 398 NATURALIS
1941 329 2394 392 [Mor.ConPon.

247 470 327 511 ter
356 463 403 511 A
434 461 486 511 K
513 472 565 513 et
591 462 642 513 A
671 462 732 525 C,
778 465 836 531 (f)
865 464 1088 534 ideoque
1126 466 1180 516 in
1218 466 1578 535 subduplicata
1616 468 1816 520 ratione
1851 470 2185 534 resistentiae3
2230 473 2397 524 incre-

245 562 478 602 mentum
504 552 809 612 resistentiae
836 554 955 606 data
981 556 1230 624 temporis
1256 556 1510 624 particula
1538 557 1729 609 factum
1755 577 1851 626 per
1886 560 2129 613 lineolam
2158 562 2212 613 K
2239 563 2304 625 L,
2345 574 2398 614 et

247 649 742 707 contemporaneum
767 640 1052 693 velocitatis
1079 643 1454 694 incrementum
1481 662 1576 712 per
1600 645 1843 697 lineolam
1869 646 1916 699 P
1942 648 1996 709 Q
2011 668 2024 710 3
2064 660 2115 700 et
2140 660 2319 701 centro
2350 651 2394 701 C

244 730 546 798 asymptotis
590 731 907 801 rectangulis
949 732 994 783 C
1022 733 1092 794 A,
1137 733 1183 784 C
1211 733 1271 784 H
1297 734 1621 793 describatur
1645 734 1934 804 hyperbola
1958 739 2151 804 quaevis
2181 738 2227 789 B
2256 739 2309 789 N
2339 741 2391 802 S,

249 820 432 871 erectis
468 821 854 889 perpendiculis
881 822 932 872 A
961 822 1024 886 B,
1067 822 1119 874 Κ
1149 824 1217 887 Ν,
1248 823 1295 876 L
1324 824 1375 876 O
1404 842 1678 876 occurrens
1704 825 1758 876 in
1787 825 1851 889 B,
1881 825 1950 888 N,
1986 825 2053 879 O.
2131 826 2393 888 Quoniam

246 909 298 959 A
329 908 382 959 K
426 919 503 959 est
542 920 600 959 ut
642 909 692 959 A
722 909 767 960 P
794 928 843 979 q,
887 911 986 963 erit

244 997 399 1064 hujus
465 1009 787 1050 momentum
844 1000 897 1051 K
940 1001 988 1052 L
1076 1021 1139 1065 11

245 1087 303 1154 (⁸)
354 1098 413 1138 ut
462 1087 598 1140 illius
662 1100 984 1141 momentum

245 1183 277 1228 2
306 1180 355 1228 A
385 1178 430 1229 Ρ
458 1179 539 1240 Q:
580 1180 633 1230 id
660 1191 753 1244 est,
783 1191 842 1232 ut
867 1182 988 1255 AP-

242 1270 296 1319 in
345 1271 396 1321 K
426 1271 487 1334 C,
533 1291 655 1322 nam
701 1273 983 1324 velocitatis

243 1360 621 1413 incrementum
675 1363 720 1414 P
749 1362 816 1435 ‘Q
868 1367 983 1431 (per

245 1447 430 1500 Motus
458 1451 589 1520 Leg.
620 1451 717 1515 ΙΙ.)
764 1468 986 1519 propor-

241 1538 433 1590 tionale
490 1550 568 1591 est
616 1541 667 1590 vi
715 1541 985 1611 generanti

244 1629 297 1681 K
329 1630 390 1681 C.
465 1631 825 1700 Componatur
849 1633 982 1684 ratio

242 1721 403 1789 ipsius
451 1722 505 1773 K
533 1723 581 1774 L
626 1742 744 1774 cum
784 1724 983 1775 ratione
1140 1714 1180 1759 C

243 1809 405 1878 ipsius
430 1811 480 1862 K
505 1812 572 1874 N,
602 1822 653 1864 et
672 1802 761 1864 fiet
780 1824 982 1865 rectan-

242 1898 424 1969 gulum
453 1899 506 1950 K
533 1900 582 1951 L
623 1912 665 1953 ><
708 1901 761 1952 Κ
790 1899 845 1954 Ν
869 1912 927 1953 ut
953 1901 1004 1952 A
1034 1901 1079 1952 P
1119 1910 1162 1952 Χ
1204 1898 1257 1950 Κ
1287 1897 1332 1949 C
1374 1908 1416 1950 Χ
1458 1898 1512 1949 Κ
1533 1897 1615 1959 Ν;
1650 1898 1756 1962 Ιιοο
1780 1907 1874 1962 est,
1905 1899 1962 1968 (ἰ)
1991 1899 2059 1951 ob
2086 1899 2265 1951 datum
2283 1917 2394 1950 rec-

245 1991 514 2061 tangulum
546 1992 673 2045 KC
713 2006 755 2048 ><
799 1992 852 2043 Κ
882 1993 951 2055 N,
980 2003 1038 2044 ut
1065 1992 1115 2043 A
1145 1991 1206 2042 P.
1283 1989 1447 2060 Atqui
1472 2008 1607 2041 areae
1630 1989 1982 2060 hyperbolicae
2012 1992 2065 2043 K
2093 1992 2148 2044 N
2176 1991 2227 2044 O
2255 1992 2302 2043 L
2328 1991 2395 2042 ad

244 2081 604 2152 rectangulum
625 2112 628 2115 ν
648 2082 702 2152 K
732 2081 781 2133 L
823 2093 883 2135 ><>
907 2082 960 2133 Κ
989 2082 1043 2133 Ν
1079 2080 1212 2132 ratio
1254 2079 1451 2141 ultima,
1499 2079 1588 2129 ubi
1614 2081 1814 2135 coeunt
1831 2091 2027 2149 puncta
2055 2080 2108 2132 K
2134 2091 2187 2133 et
2213 2081 2278 2143 L,
2319 2092 2396 2132 est

244 2170 568 2238 aequalitatis.
646 2170 794 2241 Ergo
820 2189 939 2221 area
963 2170 1052 2221 illa
1076 2168 1414 2239 hyperbolica
1440 2185 1748 2220 evanescens
1774 2155 1852 2220 est
1875 2180 1935 2220 ut
1963 2171 2009 2219 A
2040 2169 2100 2220 P.
2168 2169 2395 2237 Compo-

242 2261 570 2331 nitur-igitur
589 2280 709 2313 area
733 2271 844 2314 tota
870 2261 1209 2332 hyperbolica
1234 2261 1285 2311 A
1314 2260 1361 2312 B
1390 2259 1440 2311 O
1467 2260 1516 2311 L
1543 2278 1609 2311 ex
1632 2249 1900 2328 particulis
1928 2261 1995 2323 ΔΚ
2022 2261 2076 2313 N
2103 2260 2154 2312 O
2181 2262 2229 2313 L
2256 2261 2395 2312 velo-

245 2348 385 2400 citati
410 2350 462 2401 A
491 2350 536 2402 P
562 2369 767 2420 semper
791 2333 1286 2419 proportionalibus,
1330 2349 1394 2417 (u)
1423 2358 1475 2400 et
1499 2359 1777 2417 propterea
1814 2333 1981 2418 spatio
2005 2340 2274 2402 velcoitate
2299 2351 2395 2402 ista

1508 1676 1627 1756 (i'P
1668 1711 1840 1756 LKI

1873 1712 1932 1758 A.
1996 1713 2029 1759 1
2086 1714 2235 1762 12-‘1
2268 1714 2369 1767 01P

245 2440 508 2509 descripto
547 2441 952 2510 proportionalis
994 2451 1088 2493 est.
1162 2439 1445 2493 Dividatur
1474 2441 1584 2509 jam
1621 2459 1742 2518 area
1777 2440 1867 2491 illa
1891 2441 1945 2518 in
1970 2451 2142 2510 partes
2169 2443 2393 2511 aequales

245 2530 298 2584 A
326 2530 373 2582 B
402 2530 467 2582 M
495 2531 538 2594 I,
568 2531 596 2582 I
625 2530 691 2583 M
719 2531 772 2582 N
805 2531 874 2593 K,
907 2531 960 2582 K
987 2531 1041 2582 N
1070 2530 1121 2582 O
1148 2531 1214 2594 L,
1257 2532 1351 2582 δῖε.
1391 2539 1443 2581 et
1479 2530 1612 2582 vires
1652 2530 1904 2582 absolutae
1930 2532 1982 2583 A
2010 2531 2072 2595 C,
2097 2533 2124 2584 I
2153 2533 2214 2595 C,
2247 2533 2299 2584 K
2328 2534 2389 2596 C,

248 2619 295 2669 L
325 2619 386 2681 C,
416 2618 510 2671 Sco.
552 2620 617 2688 (X)
646 2628 799 2671 erunt
823 2621 875 2670 in
895 2620 1262 2690 progressione
1281 2618 1611 2690 geometrica.
1666 2619 1735 2680 Q.
1754 2638 1799 2671 e.
1820 2619 1872 2670 d.
1950 2620 2015 2689 (Ζ)
2036 2621 2107 2673 Et
2132 2622 2284 2673 simili
2310 2642 2391 2673 ar-

245 2767 364 2806 literis
382 2768 620 2816 transpositis
638 2770 739 2806 hanc
751 2768 981 2807 sententiam
995 2768 1288 2805 involventibus.
1399 2766 1455 2818 (¹¹)
1479 2769 1500 2791 Ἃ*
1525 2768 1578 2804 Et
1594 2774 1789 2816 propterea
1808 2769 1927 2817 spatio
1941 2770 2131 2807 velocitate
2142 2767 2214 2805 istd
2227 2770 2391 2820 descrip-

248 2821 380 2868 (Data
400 2824 610 2872 ‹equatione
622 2830 876 2873 quotcumque
876 2824 1049 2874 fluentes
1061 2824 1289 2872 quantitates
1343 2827 1378 2858 to
1400 2822 1690 2870 proportionalis
1717 2828 1794 2864 est,·
1837 2820 1927 2858 dato
1959 2820 2065 2858 enim
2094 2822 2276 2869 temporis
2308 2835 2390 2859 mo-

246 2877 465 2919 involvente,
475 2878 670 2927 fluxiones
689 2878 867 2919 invenire,
887 2877 1017 2913 etvice
1034 2874 1164 2926 verso)
1185 2887 1290 2911 eam-
1343 2881 1488 2919 mento,
1511 2875 1680 2922 spatium
1699 2872 1934 2921 descriptum
1953 2882 2011 2911 est
2028 2881 2073 2911 ut
2090 2874 2269 2911 velocitas
2284 2875 2386 2925 (12).

247 2928 335 2964 dem
355 2929 543 2976 celarem;
563 2928 753 2976 rescripsit
771 2929 827 2965 vir
838 2928 1070 2966 clarissimus
1084 2941 1123 2965 se
1137 2940 1290 2977 quoque
1400 2926 1458 2977 (x)
1482 2930 1502 2950 ²*
1530 2928 1658 2966 Erunt
1685 2928 1727 2965 ἰη
1742 2929 1997 2977 progressione
2012 2927 2249 2976 geometrico.
2275 2931 2386 2980 (379.

247 2982 288 3017 in
309 2981 498 3029 ejusmodi
517 2981 744 3019 methodum
773 2981 962 3027 incidisse,
996 2988 1035 3018 et
1062 2980 1291 3018 methodum
1346 2980 1434 3018 Lib.
1462 2980 1521 3027 Ι.)

249 3047 359 3071 suam
400 3035 701 3073 communicavit
748 3048 771 3072 a
806 3033 894 3072 mea
935 3035 1000 3071 vix
1046 3033 1296 3072 abludentem
1404 3033 1464 3085 (Ζ)
1488 3036 1509 3057 ¹*
1531 3035 1586 3072 Ec
1606 3034 1721 3071 simili
1740 3041 1977 3083 argumento.
2037 3034 2269 3083 Exponatur
2287 3034 2392 3073 enim

249 3087 504 3137 praeterquam
531 3088 574 3125 in
601 3090 806 3126 verborum
835 3095 873 3125 et
896 3094 1076 3125 notarum
1104 3086 1293 3130 formulis,
1349 3086 1405 3123 vis
1422 3086 1618 3136 gravitatis
1636 3099 1705 3134 per
1721 3086 1852 3124 datam
1878 3081 2021 3125 lineam
2044 3088 2082 3125 A
2106 3088 2151 3133 C,
2180 3088 2393 3126 resistentia

249 3148 289 3177 et
320 3140 407 3178 idea
442 3142 699 3191 generationis
736 3142 1009 3192 quantitatum.
1083 3140 1296 3191 Utriusque
1349 3152 1418 3188 per
1436 3139 1578 3176 lineam
1597 3138 1840 3177 indefinitam
1857 3140 1896 3177 A
1912 3140 1936 3184 l,
1953 3140 2009 3178 vis
2022 3141 2196 3178 absoluta
2207 3141 2246 3177 in
2259 3154 2391 3178 ascen-

249 3193 553 3231 fundamcntum
571 3195 791 3233 continetur
808 3196 849 3231 in
869 3196 943 3232 hoc
963 3195 1179 3233 Lemmate.
1329 3205 1398 3230 osu
1415 3192 1584 3240 corporis
1601 3204 1669 3241 per
1686 3205 1878 3230 summam
1909 3193 1942 3231 C
1959 3192 1992 3239 l,
2020 3193 2199 3231 velocitas
2226 3194 2392 3242 corporis

304 3247 358 3298 (¹)
383 3250 402 3270 '¹
426 3248 586 3298 Ide6que
604 3251 646 3287 in
664 3247 923 3298 subduplicatd
952 3250 1096 3286 ratione
1122 3249 1294 3287 resisten-
1350 3258 1419 3295 per
1438 3246 1580 3283 lineam
1602 3246 1640 3283 A
1659 3257 1791 3294 p-quae
1809 3245 1859 3284 sit
1875 3244 2005 3284 media
2021 3246 2312 3295 proportionalis
2331 3247 2392 3284 in-

249 3302 325 3339 tice.
388 3300 452 3338 Ob
470 3301 600 3338 datam
623 3302 660 3339 A
686 3302 730 3339 C.

305 3352 355 3404 (⁸)
389 3357 409 3376 ²*
455 3357 506 3392 Ut
535 3356 637 3393 illius
665 3363 898 3393 momentum
921 3360 945 3392 2
965 3355 1005 3393 A
1025 3357 1063 3395 P.
1085 3356 1129 3397 Q.
1192 3354 1297 3392 Cum

251 3406 356 3444 enim
388 3406 437 3443 sit
468 3407 506 3444 A
530 3407 572 3444 K
595 3413 636 3453 ><
665 3409 703 3444 A
728 3409 759 3446 C
780 3425 836 3444 =
862 3408 898 3446 A
923 3408 958 3446 P
977 3410 995 3430 2
1028 3409 1114 3458 (per
1131 3406 1294 3456 constr.)

251 3460 324 3497 crit
354 3459 514 3505 AC><
543 3460 1294 3510 KL=2AP><PQ(perCas.

254 3517 288 3550 1.
313 3519 351 3550 et
367 3518 406 3551 5.
433 3513 544 3550 Lem.
572 3513 656 3563 II.)
678 3514 717 3551 id
735 3522 803 3560 est,
823 3516 873 3552 ob
892 3515 1021 3552 datam
1043 3515 1082 3551 A
1105 3514 1164 3560 C;
1196 3512 1239 3550 K
1260 3512 1296 3550 L

251 3575 308 3603 est
326 3574 370 3603 ut
398 3567 429 3603 A
454 3566 489 3603 P
506 3570 546 3611 ><
569 3565 603 3603 P
626 3567 678 3612 Q,
699 3575 736 3604 et
755 3568 846 3618 quia
860 3567 1070 3605 velocitatis
1082 3566 1297 3604 incremen-

252 3629 337 3656 tum
362 3620 396 3657 P
415 3620 466 3663 Q,
488 3618 579 3656 dato
597 3621 780 3668 temporis
797 3622 996 3659 momento
1015 3619 1191 3671 genitum
1212 3621 1299 3670 (per

253 3672 357 3709 Μυῒ.
384 3673 481 3723 Leg.
510 3672 588 3716 ΙΙ.)
621 3674 906 3721 proportionale
943 3681 1000 3711 est
1027 3672 1063 3711 vi
1098 3671 1299 3724 generanti

255 3724 839 3773 KC‚eritKL,utAP><
867 3727 1001 3769 KC..

306 3779 359 3829 (ἶ)
396 3783 416 3803 *
453 3780 504 3817 Ob
533 3783 664 3817 datum
694 3782 961 3830 rectcmgulum
996 3779 1039 3818 K
1062 3780 1095 3820 C
1127 3783 1169 3829 ><
1200 3777 1241 3816 K
1263 3777 1299 3817 L

255 3832 343 3883 (per
365 3832 504 3871 Theor.
532 3833 608 3871 IV.
633 3832 682 3870 de
707 3832 834 3883 Hyp.)

1349 3307 1408 3337 ter
1429 3298 1495 3336 Al
1513 3305 1551 3336 et
1573 3298 1611 3336 A
1634 3298 1679 3343 C,
1708 3297 1874 3349 ideoque
1890 3299 1930 3336 in
1951 3298 2218 3348 subduplicata
2244 3299 2391 3338 ratione

1349 3351 1572 3390 resistentiae
1584 3366 1596 3399 ;
1628 3351 1919 3389 decrementum
1944 3352 2169 3391 resistentiae
2187 3352 2275 3391 data
2293 3361 2390 3391 tem-

1350 3405 1453 3455 poris
1471 3403 1658 3454 particula
1675 3404 1822 3442 sactum
1842 3417 1911 3453 per
1935 3404 2117 3443 lineolam
2137 3406 2151 3442 l
2170 3406 2208 3452 k,
2240 3413 2278 3443 et
2296 3419 2390 3444 con-

1352 3467 1645 3507 temporaneum
1673 3457 1883 3496 velocitatis
1919 3458 2206 3496 decrementum
2248 3471 2316 3507 per
2341 3459 2390 3496 li-

1351 3511 1503 3549 neolam
1521 3524 1547 3560 p
1566 3524 1615 3561 q;
1646 3517 1685 3548 et
1712 3510 1945 3549 describatur
1970 3520 2016 3549 ut
2043 3510 2157 3560 supra
2183 3509 2391 3561 hyperbole

1356 3566 1383 3603 S
1403 3565 1439 3603 B
1459 3578 1507 3611 o;
1527 3563 1710 3615 quoniam
1734 3564 1770 3601 A
1787 3563 1874 3602 lest
1892 3573 1937 3603 ut
1958 3567 1996 3602 A
2009 3578 2034 3613 p
2049 3567 2067 3587 2
2087 3565 2159 3602 erit
2175 3565 2292 3615 hujus
2304 3568 2388 3602 mo-

1351 3626 1527 3655 mentum
1547 3617 1574 3654 k
1593 3617 1605 3653 l
1625 3627 1670 3654 ut
1686 3616 1796 3654 illius·
1808 3625 2049 3655 momentum
2070 3622 2093 3653 2
2111 3619 2148 3654 A
2165 3631 2190 3665 p
2205 3631 2241 3668 q,
2263 3617 2302 3654 id
2321 3626 2390 3665 est,

1351 3678 1397 3709 ut
1428 3671 1465 3709 A
1485 3684 1511 3719 p
1538 3670 1576 3707 in
1607 3670 1621 3706 l
1652 3670 1709 3717 C;
1743 3682 1834 3707 nam
1863 3670 2071 3708 velOcitatis
2100 3670 2388 3708 decrementum

1353 3737 1380 3774 p
1397 3736 1422 3773 q
1444 3726 1528 3776 (per
1542 3724 1644 3761 Mot-
1665 3723 1762 3773 Leg.
1783 3723 1867 3771 ΙΙ.)
1894 3723 2174 3772 proportionale
2193 3731 2249 3761 est
2267 3724 2304 3760 vi
2322 3737 2393 3772 ge-

1354 3778 1505 3815 neranti
1523 3776 1538 3813 l
1561 3776 1607 3822 C,
1623 3784 1877 3824 componatur
1894 3776 1989 3813 ratio
2007 3775 2125 3824 ipsius
2144 3776 2170 3812 k
2190 3777 2203 3813 l
2222 3789 2312 3814 cum
2329 3788 2392 3814 ra-

1354 3830 1460 3868 tione
1477 3829 1598 3880 ipsius
1614 3828 1629 3868 l
1648 3841 1685 3877 o,
1706 3836 1744 3867 et
1762 3828 1828 3867 fiet
1845 3828 2112 3880 rectangulum
2132 3829 2192 3878 kl
2213 3835 2255 3877 Χ
2278 3830 2328 3868 lo
2345 3837 2390 3868 ut
