2502 4192
286 314 387 359 148
799 306 1364 362 PHILOSOPHIAE
1403 305 1857 360 NATURALIS
1981 307 2160 372 [Mo'r.
2193 309 2437 378 Comma.

283 452 575 521 pondentes
602 453 703 504 sint
729 462 787 503 ut
809 462 1047 520 tempora
1073 451 1451 502 oscillationum
1476 458 1719 512 totarum,
1768 450 1841 517 (†)
1863 461 2015 502 erunt
2044 450 2343 504 velocitates
2370 454 2438 505 ad

281 544 502 595 invicem
528 543 582 593 in
609 542 1133 610 correspondentibus
1173 540 1552 591 oscillationum
1576 540 1829 607 partibus,
1870 551 1928 591 ut
1951 543 2085 593 vires
2110 544 2351 595 motrices
2383 553 2435 596 et

280 645 390 686 tota
439 633 816 685 oscillationum
865 643 1100 700 tempora
1150 630 1344 682 directe
1395 639 1447 680 et
1496 630 1805 698 quantitates
1855 631 2085 682 materiae
2134 632 2428 700 reciproce:

282 724 508 793 ideoque
534 724 857 792 ‚quantitates
883 722 1116 772 materiae
1139 731 1198 772 ut
1222 721 1356 771 vires
1382 728 1435 771 et
1459 719 1842 771 oscillationum
1880 730 2115 790 tempora
2154 722 2347 774 directe
2378 735 2432 776 et

277 815 571 867 velocitates
623 814 905 882 reciproce.
982 813 1047 881 (ᾧ)
1095 813 1201 864 Sed
1250 812 1545 864 velocitates
1586 811 1849 879 reciproce
1901 821 2023 863 sunt
2063 823 2122 863 ut
2170 823 2423 882 tempora,

251 883 431 975 ‘atque
456 903 573 956 idee
599 914 834 973 tempora
859 902 1052 957 directe
1079 913 1130 955 et
1156 902 1451 955 velocitates
1490 901 1753 970 reciproce
1793 912 1913 954 sunt
1937 914 1995 955 ut
2021 904 2270 973 quadrata
2293 915 2423 958 tem-

277 1109 321 1141 ut
339 1101 518 1139 velocitas
536 1099 722 1151 acquisita
740 1100 782 1137 in
804 1100 838 1138 F
857 1107 914 1138 est
932 1099 980 1137 ad
1001 1099 1237 1137 velocitatem
1256 1111 1318 1136 ac·
1374 1096 1486 1134 sitam
1506 1096 1547 1132 in
1577 1095 1614 1133 E
1644 1107 1724 1132 esse
1751 1095 1802 1132 ad
1822 1095 2060 1134 velocitatem
2081 1098 2305 1149 acquisitam
2325 1099 2365 1136 in
2385 1111 2418 1143 e,

274 1155 453 1207 quisitam
481 1156 522 1192 in
540 1154 569 1192 f.
632 1154 706 1192 Sed
738 1154 921 1204 quoniam
950 1166 1060 1191 arcus
1094 1153 1131 1190 E
1154 1153 1188 1190 F
1206 1159 1245 1189 et
1263 1166 1285 1189 e
1303 1152 1325 1189 f
1371 1150 1412 1186 in
1430 1149 1579 1186 ratione
1597 1148 1790 1197 reciproca
1809 1157 2027 1197 temporum
2042 1151 2183 1200 quibus
2197 1152 2418 1190 describun-

277 1209 311 1247 F
334 1209 372 1247 G
392 1218 430 1246 et
448 1208 469 1245 f
481 1221 509 1259 g
540 1216 632 1245 sunt
655 1208 806 1245 infinite
838 1207 944 1256 parvi
963 1215 1001 1244 et
1019 1206 1197 1256 aequales,
1226 1205 1316 1243 uni-
1372 1210 1435 1241 tur
1453 1215 1564 1241 arcus
1586 1202 1622 1240 E
1647 1201 1690 1247 F,
1713 1209 1751 1240 et
1770 1214 1791 1240 e
1810 1202 1832 1239 f
1841 1217 1854 1250 3
1873 1202 1957 1240 haec
1976 1203 2065 1240 vere
2083 1211 2256 1255 tempora
2274 1218 2355 1244 esse
2373 1212 2418 1243 ut

272 1262 446 1300 formiter
464 1261 623 1299 describi
644 1261 824 1298 censendi
852 1269 954 1306 sunt,
984 1267 1023 1297 et
1040 1267 1213 1308 tempora
1230 1259 1316 1309 qui-

271 1317 345 1353 bus
362 1315 630 1353 describuntur
648 1322 762 1352 erunt
778 1315 821 1351 in
838 1314 985 1352 ratione
1003 1311 1195 1361 reciproca
1212 1312 1316 1350 velo-

274 1370 448 1413 citatum‚
480 1367 643 1417 ide6que
672 1375 825 1416 tempus
856 1380 935 1417 quo
967 1366 1193 1404 describitur
1221 1366 1259 1403 Ε
1283 1366 1317 1404 F

270 1430 328 1459 est
345 1422 392 1459 ad
412 1429 566 1469 tempus
577 1433 655 1469 quo
666 1420 892 1458 describitur
910 1433 932 1457 e
946 1420 974 1466 f,
995 1427 1040 1457 ut
1050 1418 1229 1457 velocitas
1243 1419 1280 1455 in
1294 1433 1317 1458 e

270 1475 317 1512 ad
331 1475 571 1512 velocitatem
583 1475 622 1510 in
633 1474 683 1518 E,
694 1482 732 1511 et
743 1482 895 1522 tempus
906 1486 983 1522 quo
995 1472 1220 1511 describitur
1233 1473 1264 1510 F
1277 1473 1317 1511 G

268 1535 325 1565 est
339 1528 387 1565 ad
406 1535 559 1576 ternpus
573 1540 649 1577 quo
661 1526 886 1565 describitur
903 1527 972 1577 fg,
986 1534 1031 1564 ut
1045 1525 1221 1563 velocitas
1240 1528 1280 1563 in
1299 1526 1322 1563 f

268 1581 318 1619 ad
332 1581 571 1618 velocitatem
592 1582 632 1616 in
652 1581 695 1621 F,
717 1581 785 1618 διε.
806 1580 872 1617 sed
884 1581 1048 1617 rati0nes
1067 1579 1314 1616 velocitaturn

266 1635 308 1672 'm
327 1635 363 1672 E
380 1642 417 1672 et
432 1647 465 1680 e,
482 1635 523 1670 in
542 1633 574 1670 F
589 1641 626 1671 et
640 1634 667 1679 f,
680 1635 748 1671 &c.
774 1642 863 1670 sunt
874 1646 1024 1682 semper
1036 1632 1202 1681 aequales
1215 1632 1314 1670 inter

265 1701 318 1731 se,
341 1700 434 1737 ergo
452 1695 491 1725 et
508 1687 673 1724 rationes
691 1695 909 1735 temporum
929 1699 1016 1736 quae
1034 1685 1195 1722 istarum
1222 1694 1314 1724 sunt

266 1741 426 1778 inversae
441 1747 531 1777 sunt
549 1740 714 1790 aequales
729 1740 828 1777 inter
845 1752 908 1786 se3
930 1752 1022 1789 ergo
1035 1746 1208 1787 tempora
1225 1739 1312 1789 qui-

265 1796 339 1832 bus
352 1793 517 1844 singulae
536 1802 662 1841 partes
679 1806 791 1830 arcus
810 1793 849 1830 D
873 1795 905 1831 C
924 1793 1204 1838 describuntur,
1220 1799 1313 1830 sunt

265 1848 315 1885 ad
334 1855 508 1895 tempora
525 1846 665 1896 quibus
683 1846 1021 1894 correspondentes
1047 1852 1176 1894 partes
1201 1857 1313 1883 arcus

265 1899 292 1938 d
312 1914 332 1938 c
351 1900 631 1943 describuntur,
653 1900 694 1936 in
713 1899 849 1936 eadem
867 1899 1027 1944 ratione,
1056 1911 1149 1949 ergo
1176 1911 1311 1936 omnes

264 1953 537 1992 antecedentes
556 1959 594 1989 et
612 1965 747 1989 ornnes
765 1960 1043 2003 consequentes
1061 1951 1308 1997 summando,

262 2007 395 2044 omnia
413 2006 530 2043 simul
544 2014 717 2054 tempora
730 2006 872 2056 quibus
885 2013 1163 2054 percurruntur
1176 2017 1310 2043 omnes

262 2070 388 2109 partes
406 2072 516 2098 arcus
538 2060 579 2097 D
597 2060 641 2105 C,
661 2060 734 2096 hoc
754 2067 821 2105 est,
841 2067 969 2096 toturn
987 2067 1140 2107 tempus
1158 2059 1310 2096 oscilla-

262 2114 379 2151 tionis
396 2126 465 2162 per
495 2113 536 2150 D
560 2113 607 2157 C,
639 2120 696 2150 est
726 2112 776 2150 ad
808 2113 939 2150 omnia
969 2121 1142 2161 tempora
1168 2112 1310 2162 quibus

262 2175 388 2216 partes
406 2179 517 2204 arcus
536 2166 562 2203 d
581 2179 602 2203 c
620 2173 909 2214 percurruntur,
940 2167 1012 2204 hoc
1038 2173 1096 2203 est
1113 2165 1163 2202 ad
1182 2173 1308 2203 totum

261 2229 416 2269 tempus
447 2219 698 2257 oscillationis
729 2231 797 2267 per
828 2218 854 2256 d
873 2231 894 2255 c
926 2226 971 2256 ut
999 2220 1153 2267 tempus
1180 2231 1307 2255 unum

259 2286 339 2324 quo
357 2272 537 2323 quaedam
557 2285 643 2320 pars
661 2284 773 2309 arcus
795 2272 835 2309 D
859 2272 891 2310 C
912 2272 1163 2320 percurritur,
1183 2279 1240 2310 est
1257 2272 1307 2310 ad

259 2334 415 2375 tempus
433 2338 510 2375 quo
524 2339 611 2374 pars
629 2325 928 2374 correspondens
946 2338 1057 2362 arcus
1075 2325 1101 2363 d
1113 2337 1133 2362 c
1152 2337 1307 2374 percur-

259 2380 369 2417 ritur.
434 2380 484 2423 Q.
506 2392 539 2416 e.
564 2379 602 2417 d.

315 2466 376 2517 (ψ)
399 2469 536 2506 Erunt
555 2469 762 2506 velocitates
780 2470 832 2506 ad
849 2469 1010 2506 invicem
1029 2468 1072 2506 in
1091 2480 1307 2517 correspon-

262 2522 436 2560 dentibus
456 2523 733 2559 oscillationum
745 2523 937 2570 partibus,
961 2529 1006 2560 ut
1024 2523 1117 2559 vires
1135 2523 1307 2559 mot-rices

262 2581 299 2611 ec
319 2581 394 2612 tota
414 2576 695 2613 oscillationum
714 2581 881 2625 tempora
901 2574 1036 2613 directe
1056 2581 1092 2612 et
1110 2576 1304 2624 quantita-

259 2634 313 2665 tes
331 2629 502 2666 materiae
520 2625 717 2677 reciproce.
752 2630 773 2651 ²¹²
792 2628 854 2665 Ex
867 2627 1191 2665 demonstratione
1203 2636 1306 2665 notae

259 2680 465 2729 superioris
482 2680 604 2731 liquet
623 2681 842 2719 velocitates
861 2681 902 2718 in
921 2680 1306 2730 correspondentibus

258 2734 431 2782 partibus
448 2746 529 2772 esse
548 2747 683 2772 omnes
701 2734 742 2771 in
762 2734 897 2772 eedem
911 2735 1070 2780 ratione,
1083 2732 1249 2784 ideoque
1260 2742 1306 2772 ut

258 2786 439 2825 velocitas
467 2787 652 2837 acquisita
669 2787 711 2824 in
741 2788 778 2825 E
812 2787 861 2825 ad
880 2787 1121 2826 velocitatem
1140 2786 1301 2838 acquisi-

257 2847 338 2877 tam
368 2840 411 2877 in
438 2853 472 2887 e,
506 2840 573 2878 sed
605 2830 694 2878 cfim
726 2853 838 2879 arcus
868 2842 909 2879 D
930 2842 967 2879 E
996 2849 1035 2879 et
1060 2841 1087 2879 d
1104 2854 1126 2878 c
1153 2838 1305 2878 infinite

257 2893 365 2941 parvi
376 2901 656 2942 supponantur,
676 2894 912 2932 censendum
927 2901 996 2941 est,
1018 2894 1115 2931 vires
1127 2894 1304 2932 motrices

258 2946 504 2984 uniformiter
523 2960 649 2997 agere,
679 2947 775 2985 dum
793 2947 850 2984 illi
869 2960 980 2985 arcus
998 2955 1300 2996 percurruntur;

258 3006 387 3037 motus
406 3012 498 3050 ergo
517 3013 585 3049 per
603 3014 666 3038 eas
684 3000 894 3049 productus
909 3008 1050 3038 crescet
1068 3008 1148 3038 tam
1161 3013 1231 3049 pro
1242 3014 1302 3038 ra-

257 3052 362 3090 tione
381 3052 522 3090 virium
540 3054 710 3102 ipsarum
733 3053 851 3104 quem
870 3066 939 3103 pro
957 3054 1102 3091 ratione
1121 3055 1303 3102 temporis

257 3116 335 3154 quo
348 3118 458 3143 arcus
467 3106 525 3143 illi
544 3106 814 3145 describuntur
832 3107 910 3145 sive
931 3109 996 3159 (ex
1011 3107 1298 3157 demonstratis)

256 3170 328 3206 pro
345 3159 492 3197 ratione
510 3166 730 3208 temporum
745 3160 1029 3198 oscillationum
1046 3160 1297 3211 integrarum,

256 3218 388 3249 motus
405 3211 494 3250 vere
508 3225 555 3250 ex
573 3213 665 3251 Def.
687 3218 723 3251 2.
743 3213 831 3251 Lib.
858 3214 892 3251 Ι.
916 3214 1128 3251 aestimatur
1141 3226 1164 3250 a
1181 3214 1300 3251 New-

255 3271 350 3301 tono
376 3277 424 3302 ex
451 3265 650 3304 velocitate
677 3273 715 3304 et
741 3266 900 3305 materie
927 3266 1176 3317 conjunctim,
1206 3279 1299 3318 ergo

254 3317 473 3356 velocitates
490 3319 688 3367 productae
705 3319 746 3356 in
765 3322 1139 3370 correspondentibus
1154 3322 1299 3359 oscilla-
1357 3361 1362 3369 x

255 3373 408 3410 tionum
433 3374 610 3421 partibus
636 3380 751 3412 erunt
770 3381 815 3412 ut
842 3375 939 3412 vires
965 3375 1138 3412 motrz‘ces
1156 3381 1193 3411 ec
1219 3381 1299 3413 tota

254 3426 533 3464 oscillationum
559 3434 727 3476 tempora
755 3429 893 3466 directe
910 3435 945 3465 et
964 3429 1196 3478 quantitates
1213 3442 1299 3466 ma-

253 3479 359 3517 teriae
376 3480 530 3517 inverse.

308 3560 375 3612 (§)
393 3563 414 3586 ¹*
432 3563 503 3600 Sed
520 3563 725 3601 velocitates
738 3571 830 3603 sunt
842 3566 1032 3615 reciproce
1048 3572 1093 3604 ut
1110 3572 1290 3616 tempora.

255 3616 276 3639 ὓ
300 3615 366 3652 Ex
384 3613 653 3652 demonstratis
679 3616 748 3666 (ad
775 3624 907 3655 notam
933 3618 1167 3667 superiorem
1187 3618 1217 3668 i)
1247 3619 1294 3656 li-

252 3675 346 3716 quet
372 3667 611 3730 velocitatem
630 3668 853 3730 acquisitam
871 3670 913 3707 in
935 3671 971 3708 Ε
988 3684 1069 3708 esse
1087 3671 1137 3709 ad
1155 3671 1294 3709 veloci·
1349 3684 1522 3727 tempora
1532 3678 1815 3721 oscillationum
1826 3683 2078 3735 integrarum,
2092 3683 2198 3723 unde
2211 3685 2389 3725 velocitas

251 3728 372 3758 tatem
399 3728 625 3783 acquisitam
651 3733 692 3758 m
719 3734 742 3758 e
770 3730 814 3760 ut
841 3723 1019 3761 velocitas
1045 3724 1229 3775 acquisita
1253 3725 1295 3762 in
1348 3732 1533 3781 acquisita
1550 3732 1591 3770 in
1609 3743 1755 3782 puncto
1772 3737 1908 3786 quovis
1926 3749 2036 3776 arcus
2057 3738 2099 3776 D
2117 3738 2163 3784 C,
2183 3746 2240 3776 est
2257 3738 2306 3777 ad
2324 3752 2389 3777 ve-

252 3781 399 3832 puncto
417 3787 551 3825 quovrs
569 3787 681 3813 arcus
711 3775 752 3812 D
776 3776 808 3814 C
838 3776 887 3814 ad
907 3776 1146 3815 velocitatem
1166 3778 1295 3828 acqui·
1350 3782 1547 3823 locitatem
1574 3786 1803 3836 acquisitam
1832 3790 1875 3828 in
1905 3797 2051 3839 puncto
2078 3790 2389 3840 conaepondenti

252 3833 366 3889 sitam
397 3827 438 3864 in
467 3836 613 3877 puncto
644 3827 959 3877 correspondenti
985 3842 1098 3868 arcus
1124 3830 1151 3868 d
1168 3843 1214 3878 c;
1247 3844 1296 3869 ex
1348 3848 1462 3875 arcus
1491 3837 1518 3876 d
1536 3852 1570 3884 e,
1599 3839 1641 3876 in
1660 3841 1810 3880 ratione
1826 3841 2021 3892 reciproca
2037 3848 2257 3894 temporum
2274 3843 2388 3884 oscil-

250 3878 388 3918 eadem
406 3880 731 3920 demonstratione
758 3882 881 3933 liquet
907 3882 1146 3922 velocitatem
1164 3884 1296 3936 acqui-
1348 3889 1537 3930 lationum
1555 3899 1736 3934 totarum.
1792 3895 1843 3941 Q„
1859 3907 1894 3935 e.
1913 3895 1952 3935 d.

1320 3975 1344 4010 3
