2502 4192
156 279 339 332 LIBER
367 279 637 343 Sisenna]
703 277 1101 333 PRINCIPIA
1143 280 1755 334 MATHEMATICA.

2190 291 2292 339 189

150 421 358 491 pyxidis
399 420 568 489 plenae
610 421 952 474 resistentiam
997 433 1157 475 totam
1196 423 1246 474 A
1281 432 1333 484 4
1371 428 1435 479 78
1467 423 1513 474 Β
1557 432 1615 475 ut
1653 429 1720 479 77
1758 423 1821 475 ad
1870 429 1954 487 78,
2000 433 2052 477 et
2087 425 2290 479 divisim

150 512 201 564 A
234 521 287 573 ÷
326 513 372 564 B
415 512 480 563 ad
524 518 589 567 77
620 513 680 576 B,
724 524 781 565 ut
810 520 874 569 77
902 514 968 565 ad
997 521 1043 576 1,
1089 513 1312 583 indeque
1352 515 1403 565 A
1438 523 1491 575 -Ι-
1529 514 1657 565 Bad
1691 514 1820 566 But
1848 520 1914 570 77
1958 526 2000 568 Χ
2043 520 2110 571 77
2138 517 2205 568 ad
2233 524 2282 580 1,

147 682 260 720 agere
279 670 342 707 hic
361 682 557 708 necessum
587 684 664 709 non
683 679 761 717 est;
792 673 822 709 si
851 671 955 709 enim
981 684 1119 721 corpus
1145 672 1185 708 in
1240 679 1392 721 tempus
1420 685 1497 722 quo
1529 673 1754 711 describitur
1789 674 1825 712 A
1849 674 1898 712 M
1916 690 1972 710 =
1992 681 2019 719 t,
2052 673 2091 711 A
2114 673 2150 711 P
2166 690 2223 712 =
2244 687 2282 722 x,

147 721 251 760 linea
276 721 380 760 recta
410 725 447 760 A
472 725 504 761 C
533 724 581 761 ad
608 725 843 763 horizontem
866 725 900 762 B
924 725 956 761 C
975 731 1187 775 utcumque
1243 727 1282 763 A
1306 726 1351 763 M
1371 742 1428 762 =
1447 740 1476 771 s,
1502 726 1536 763 P
1554 740 1579 775 p
1598 743 1654 763 =-..
1677 728 1723 764 Μ
1745 739 1769 763 n
1788 743 1844 763 =
1860 726 1886 764 d
1906 739 1943 772 x,
1960 734 1998 764 et
2020 727 2067 764 M
2086 739 2126 763 m
2140 742 2197 763 =
2210 726 2236 764 d
2249 741 2279 764 s.

146 775 328 814 inclinata
358 776 537 815 ascendat
569 778 629 816 vel
659 777 874 824 descendat,
906 777 1120 815 resistentia
1145 787 1184 816 et

402 899 458 937 A

433 1547 484 1588 B
879 1539 917 1576 c

141 1666 313 1705 celeritas
338 1666 380 1705 in
403 1667 709 1719 quibuscumque
735 1669 828 1707 locis
855 1675 894 1706 et
917 1667 1083 1718 spatium
1112 1667 1181 1706 de-

142 1720 328 1768 scriptum
342 1734 385 1759 ac
396 1729 548 1769 tempus
560 1735 638 1772 quo
652 1722 885 1771 descriptum
904 1730 969 1766 est,
992 1721 1182 1760 definiun-

145 1779 210 1810 tur
235 1786 304 1822 per
336 1774 452 1823 Prop.
486 1775 572 1813 ΙΙΙ.
607 1776 706 1814 Sect.
742 1776 794 1821 L,
824 1780 860 1813 8.
892 1782 931 1812 et
955 1781 991 1814 9.

148 1825 245 1863 Sect.
272 1827 349 1873 11.,
374 1832 433 1866 15.
466 1835 505 1865 et
537 1832 595 1866 14.
623 1829 721 1867 Sect.
748 1829 837 1867 ΙΙΙ.
859 1840 903 1865 ac
930 1841 998 1876 per

143 1885 252 1916 notas
269 1879 403 1925 iisdem
415 1880 508 1918 locis
519 1881 729 1932 adjunctas.
777 1882 878 1920 Cum
893 1881 997 1918 enim

143 1931 201 1968 vis
248 1933 444 1982 gravitatis
488 1934 703 1972 secundum
746 1933 999 1972 directionem

148 1985 188 2021 A
212 1984 247 2022 B
267 1986 439 2036 urgentis
457 1986 506 2023 sit
523 1986 572 2024 ad
589 1987 710 2036 ipsius
735 1995 881 2036 partem
909 1999 998 2036 quae

144 2035 225 2087 agit
237 2038 349 2088 juxta
367 2038 614 2078 directionem
635 2041 673 2078 A
697 2041 742 2087 C,
771 2041 812 2077 in
829 2037 920 2077 data
937 2052 998 2077 ra-

145 2089 251 2128 tione
276 2090 389 2129 lineae
412 2092 451 2129 A
475 2093 508 2130 C
527 2092 578 2131 ad
600 2094 637 2131 A
662 2094 710 2140 Β,
745 2105 813 2131 seu
840 2093 881 2129 in
908 2092 997 2130 data

143 2142 291 2181 ratione
326 2143 433 2182 sinus
463 2145 581 2183 totius
615 2146 664 2184 ad
699 2146 828 2184 sinum
863 2145 999 2195 anguli

144 2193 405 2234 inclinationis
435 2198 475 2235 A
497 2199 529 2236 C
553 2200 613 2246 B;
648 2199 680 2238 si
698 2200 783 2237 loco
801 2198 856 2236 vis
874 2197 998 2249 gravi-

145 2248 233 2285 tatis
259 2249 445 2288 horizonti
472 2251 796 2300 perpendicularis
820 2251 997 2288 adhibea-

145 2301 268 2339 turin
293 2303 449 2340 calculis
475 2312 513 2342 et
539 2305 885 2345 constructionibus
911 2315 998 2353 pars

145 2352 252 2391 illius
278 2354 367 2392 data
392 2368 480 2406 quae
507 2358 719 2396 secundum
746 2356 996 2395 directionem

148 2406 187 2443 A
210 2406 243 2444 C
261 2407 351 2458 agit,
381 2411 683 2448 constructiones
714 2409 927 2459 calculique
953 2408 995 2445 in

144 2458 266 2497 citatis
300 2460 393 2499 locis
427 2474 506 2500 non
542 2471 754 2502 mutantur.
817 2463 997 2511 Superest

143 2510 264 2562 igitur
290 2521 335 2551 ut
360 2514 526 2563 corporis
543 2516 584 2553 in
602 2514 721 2554 curva
737 2513 839 2553 linea
866 2528 996 2552 asten-

147 2564 273 2603 dentis
289 2574 357 2604 aut
374 2566 636 2608 descendentis
661 2577 811 2608 motum
838 2567 996 2606 definin-

147 2629 248 2655 mus.

200 2671 421 2712 Descendat
438 2673 607 2722 primum
626 2688 764 2725 corpus
777 2674 895 2713 eloco
908 2673 997 2711 dato

148 2723 188 2761 A
209 2736 276 2772 per
293 2737 449 2764 curvam
472 2728 511 2765 A
531 2729 593 2775 M,
626 2728 790 2767 ducatur
808 2726 997 2764 verticalis

149 2777 188 2813 A
214 2777 260 2823 P,
281 2777 330 2815 ad
347 2791 462 2828 quam
482 2793 527 2818 ex
547 2782 699 2830 punctis
720 2782 780 2827 M,
801 2787 838 2818 et
856 2791 908 2824 m,
939 2779 997 2815 in-

146 2828 255 2867 finite
274 2831 497 2881 propinquis
523 2834 771 2872 demittantur
797 2830 998 2881 perpendi.

147 2882 235 2919 cula
266 2883 313 2920 M
336 2883 383 2928 P,
411 2897 451 2921 m
470 2898 507 2933 p,
537 2893 576 2923 et
594 2899 640 2924 ex
661 2888 707 2924 M
735 2886 783 2924 ad
810 2899 835 2935 p
853 2896 893 2920 m
912 2896 997 2931 per-

145 2933 399 2982 pendiculum
435 2938 484 2975 M
511 2951 550 2976 n.
613 2939 789 2977 Gravitas
823 2944 998 2975 constans

145 2986 360 3026 secundum
395 2989 643 3031 directionem
682 2991 850 3030 verticali
889 2989 927 3027 A
958 2989 993 3027 P

1239 779 1333 818 Jam
1361 777 1450 817 vero
1470 780 1519 816 M
1538 792 1590 825 m,
1620 787 1678 818 est
1696 780 1746 817 ad
1766 781 1814 819 M
1833 792 1871 826 n,
1893 793 1961 817 seu
1980 779 2005 817 d
2024 793 2042 818 s
2060 779 2109 817 ad
2127 779 2154 817 d
2172 792 2211 824 x,
2241 788 2286 819 ut

1239 832 1296 869 vis
1320 832 1516 883 gravitatis
1542 846 1570 883 g
1596 832 1646 871 ad
1678 833 1798 882 ipsius
1827 841 1974 882 partem
2006 833 2047 870 in
2076 832 2284 871 directione

1961 885 2077 936 gdx

1241 917 1291 955 M
1308 929 1350 953 m
1377 924 1556 966 agentem
1574 929 1663 967 quae
1690 916 1778 956 ideo
1796 917 1867 956 erit
1883 934 1941 955 =
2089 932 2102 965 3
2136 917 2282 956 subdu-

1986 952 2012 988 d
2030 965 2049 989 s

1238 1009 1348 1040 catur
1364 1002 1420 1039 vis
1438 1001 1661 1041 resistentiae
1678 1016 1709 1048 r,
1738 1011 1777 1041 et
1802 1003 1859 1040 vis
1876 1003 2031 1041 residua
2049 1002 2125 1053 qua
2145 1015 2283 1052 corpus

1237 1055 1279 1092 in
1296 1055 1383 1093 loco
1403 1056 1462 1100 M,
1477 1054 1591 1106 juxta
1609 1055 1861 1094 directionem
1904 1057 1953 1094 M
1972 1069 2011 1093 m
2033 1063 2204 1107 urgetur,
2214 1056 2286 1095 erit

1237 1107 1548 1178 —ng-r.
1611 1138 2280 1193 Unde(18)fitgdx—rds=

1338 1174 1365 1211 d
1382 1188 1401 1211 s

1237 1239 1261 1264 v
1279 1226 1306 1264 d
1323 1240 1358 1264 v.
1413 1227 1550 1278 Hujus
1576 1234 1706 1265 autem
1724 1226 1949 1277 aequationis
1967 1226 2091 1265 fluens
2108 1225 2162 1264 ita
2180 1226 2282 1265 sumi

1237 1279 1351 1318 debet
1368 1288 1413 1318 ut
1430 1280 1744 1318 evanescentibus
1762 1292 1785 1316 x
1806 1288 1845 1317 et
1870 1293 1889 1317 s
1906 1287 2108 1318 evanescat
2125 1292 2282 1331 quoque

1236 1344 1260 1370 v
1275 1334 1306 1370 si
1324 1333 1503 1372 velocitas
1529 1333 1697 1382 corporis
1715 1333 1757 1369 in
1776 1333 1861 1371 loco
1882 1333 1920 1372 A
1940 1333 2051 1372 nulla
2069 1334 2129 1377 sit,
2157 1341 2197 1371 et
2214 1333 2282 1371 fiat

1238 1398 1263 1422 v
1288 1402 1345 1430 ·.-=
1373 1399 1407 1433 c,
1437 1387 1469 1424 si
1499 1386 1678 1424 velocitas
1707 1386 1874 1434 corporis
1904 1386 1945 1423 in
1984 1387 2037 1432 A,
2076 1387 2125 1425 sit
2155 1402 2212 1423 =
2243 1399 2275 1425 c.

1242 1438 1367 1476 Simili
1385 1439 1502 1478 modo
1529 1439 1562 1477 si
1589 1452 1727 1489 corpus
1745 1452 1767 1477 e
1784 1439 1870 1477 loco
1888 1439 1979 1478 dato
2001 1440 2039 1477 A
2059 1452 2128 1488 per
2144 1452 2279 1478 arcum

1242 1492 1281 1529 A
1302 1492 1352 1530 M
1369 1493 1560 1539 ascendat,
1581 1500 1620 1531 et
1637 1492 1767 1530 omnia
1795 1501 1838 1532 ut
1863 1491 1982 1530 modo
2008 1492 2282 1541 supposuimus

1236 1554 1431 1592 maneant,
1460 1546 1531 1584 erit
1559 1545 1648 1597 (18)
1677 1558 1705 1596 g
1722 1545 1749 1583 d
1773 1558 1797 1583 x
1819 1546 1872 1599 -Ι-
1894 1545 1957 1583 rd
1975 1559 1993 1584 s
2010 1562 2067 1582 =
2085 1567 2140 1577 —
2157 1558 2181 1582 v
2199 1545 2226 1583 d
2243 1558 2279 1592 v,

1235 1598 1347 1648 cujus
1377 1599 1604 1649 aequationis
1635 1598 1821 1637 fluentem
1850 1597 1906 1637 ita
1932 1599 2035 1637 sumi
2061 1606 2209 1648 oportet
2236 1605 2282 1636 ut

1234 1650 1368 1699 positis
1394 1663 1420 1688 x
1438 1660 1477 1689 et
1494 1665 1512 1690 s
1529 1668 1586 1689 =
1604 1664 1641 1697 o,
1670 1650 1740 1690 fiat
1764 1664 1801 1699 v,
1833 1651 1990 1704 aequalis
2020 1651 2213 1691 velocitati
2239 1652 2281 1689 in

1235 1702 1322 1742 loco
1344 1704 1382 1743 A
1401 1704 1512 1743 datae.
1570 1718 1573 1720 ’

1391 2061 1445 2194 *dns

1881 2073 1961 2096 ΞΙ,μ

1835 2167 1906 2207 M

1287 3150 1328 3189 Si
1340 3150 1501 3189 abscissa
1513 3162 1539 3187 x
1553 3150 1595 3188 in
1611 3150 1779 3189 verticali
1796 3151 1833 3191 B
1850 3150 1882 3189 C
1895 3163 1963 3200 per
1980 3162 2108 3190 cuwae
2122 3153 2161 3189 A
2180 3152 2212 3190 C
2231 3152 2272 3190 D

1231 3211 1424 3253 punctum
1467 3203 1649 3241 infimum
1689 3204 1721 3241 C
1762 3203 1878 3241 ducta
1921 3204 2104 3254 capiatur,
2148 3204 2274 3254 sitque

1235 3257 1272 3295 B
1288 3257 1324 3294 P
1336 3273 1393 3293 =
1405 3268 1444 3303 x,
1460 3263 1499 3294 et
1515 3264 1651 3294 caetera
1664 3266 1846 3294 maneant
1863 3263 1908 3294 ut
1925 3269 2049 3306 supra,
2065 3257 2136 3295 erit
2147 3257 2274 3296 adhuc

1233 3321 1304 3358 pro
1330 3309 1498 3357 corporis
1525 3308 1711 3346 descensu
1737 3322 1765 3359 g
1782 3308 1808 3346 d
1826 3322 1851 3346 x
1869 3330 1924 3340 —
1940 3322 1960 3346 r
1978 3310 2004 3348 d
2022 3323 2041 3348 s
2058 3326 2115 3347 =
2134 3323 2157 3347 v
2176 3310 2203 3348 d
2221 3323 2244 3347 v
2254 3325 2268 3358 ;

1234 3370 1274 3399 at
1287 3374 1357 3410 pro
1375 3374 1533 3399 ascensu
1548 3373 1615 3409 per
1634 3374 1767 3399 arcum
1789 3361 1821 3400 C
1833 3379 1864 3410 μ
1882 3362 1913 3399 si
1932 3362 2022 3401 data
2039 3363 2117 3401 sint
2129 3370 2273 3412 puncta

1237 3415 1276 3451 A
1305 3421 1343 3451 et
1372 3415 1421 3457 B,
1448 3414 1673 3464 dicaturque
1705 3415 1737 3452 C
1754 3432 1784 3465 μ.
1811 3414 1872 3452 vel
1901 3415 1940 3453 A
1964 3417 1996 3454 C
2014 3433 2045 3465 μ
2063 3432 2119 3452 =
2139 3429 2168 3460 s,
2201 3415 2273 3454 erit

1233 3466 1893 3518 —gdx41ds=—vdv‚
1924 3468 2271 3518 seuadhucgdx

1232 3540 1288 3550 —
1304 3531 1324 3555 r
1341 3519 1368 3556 d
1384 3531 1404 3557 s
1420 3535 1477 3557 =
1495 3531 1518 3555 v
1535 3518 1562 3556 d
1581 3532 1616 3565 v,
1635 3519 1726 3570 quia
1743 3529 1934 3559 crescente
1952 3534 1970 3558 s
1987 3521 2170 3559 decrescit
2188 3533 2213 3557 x
2231 3528 2272 3558 et

1233 3570 1379 3610 contra.
1440 3571 1481 3610 Si
1499 3583 1588 3609 vero
1606 3571 1755 3610 dicatur
1776 3574 1808 3612 C
1827 3574 1862 3611 P
1879 3590 1936 3610 =
1955 3586 1981 3610 x
1998 3582 2037 3611 et
2059 3574 2091 3611 C
2109 3574 2158 3610 M
2168 3588 2226 3610 =
2237 3586 2269 3618 s,

1233 3624 1325 3675 quia
1352 3625 1412 3661 hae
1439 3624 1670 3674 quantitates
1698 3635 1873 3675 respectu
1901 3627 2064 3664 aliarum
2096 3626 2132 3663 B
2156 3626 2202 3672 P,
2232 3633 2272 3664 et

1237 3678 1277 3715 A
1298 3677 1345 3714 M
1365 3677 1552 3727 negativae
1578 3686 1680 3724 sunt,
1709 3679 1775 3717 fiet
1792 3692 1861 3730 pro
1876 3679 2064 3717 descensu
2081 3699 2137 3709 -
2153 3691 2182 3729 g
2199 3679 2224 3716 d
2243 3690 2270 3715 x

1235 3729 1610 3782 ÷rds=vdv,
1631 3731 2269 3782 seugdx—rds-e-vdv,

151 3785 371 3837 parallelam
394 3795 543 3833 semper
567 3794 685 3834 agens
710 3781 761 3820 sit
776 3796 833 3819 =
852 3794 890 3833 g,
917 3780 1127 3820 resistentia
1144 3781 1187 3820 in
1238 3790 1277 3820 et
1293 3793 1364 3830 pro
1380 3794 1539 3820 ascensu
1557 3782 1589 3820 si
1607 3783 1755 3821 dicatur
1785 3785 1817 3822 C
1835 3801 1866 3833 μ.
1883 3799 1939 3819 =
1959 3796 1977 3820 s
1995 3783 2065 3820 erit
2082 3797 2110 3834 g
2128 3778 2161 3821 d'
2172 3796 2197 3820 x
2215 3785 2270 3836 -ι-

148 3840 237 3878 loco
271 3839 319 3877 M
344 3854 401 3875 =
427 3850 459 3884 r,
490 3836 667 3876 velocitas
695 3834 862 3884 corporis
888 3833 1031 3873 ibidem
1057 3850 1114 3872 =
1134 3848 1182 3882 v;
1239 3847 1259 3871 r
1276 3835 1303 3872 d
1320 3847 1339 3872 s
1355 3850 1412 3873 ==
1426 3856 1479 3868 —
1499 3848 1521 3873 v
1539 3835 1566 3874 d
1583 3848 1607 3874 v
1623 3848 1789 3886 quarum
1807 3837 2067 3886 aequationum
2085 3836 2204 3876 altera
2228 3836 2270 3874 in
