2502 4192
171 283 352 335 Limen
381 280 650 341 stema]
717 275 1116 330 PRINCIPIA
1156 236 1772 332 MATHEMATICA.

243 425 404 476 Corol.
436 428 482 476 7.
525 421 580 473 Si
607 439 792 489 corpus
818 422 872 472 in
898 421 1085 485 mediO,
1106 423 1248 491 cujus
1269 423 1395 474 den-

166 502 287 561 sitas
311 519 399 560 :est
434 506 695 575 reciproce
734 518 791 558 ut
827 508 1068 559 distantia
1104 508 1335 559 locorum
1362 528 1393 560 a

168 608 362 659 centro,
406 595 777 647 revolutionem
814 596 866 645 in
905 595 1060 647 curva
1087 595 1393 665 quacunque

168 689 220 740 A
249 688 295 739 E
323 687 369 738 Β
395 686 529 737 circa
569 695 802 737 centrum
839 686 968 736 illud
1001 685 1193 748 fecerit,
1235 695 1286 737 et
1310 705 1392 737 ra·
1450 705 1453 709 ·

167 775 310 830 dium
333 776 559 843 primum
588 775 632 825 A
661 775 697 826 S
725 774 779 824 in
805 774 987 825 eodem
1008 775 1199 845 angulo
1225 794 1399 827 secue-
1469 768 1522 815 A
1576 780 1618 821 B
1669 779 1698 842 C
1738 777 1776 815 D

165 862 232 913 rit
256 861 310 911 in
339 861 385 912 B
406 881 509 931 quo
534 862 676 929 prius
703 861 756 911 in
783 861 849 922 A,
879 860 1034 930 idque
1062 880 1180 913 cum
1204 862 1394 914 veloci—

164 956 267 999 tate
307 967 422 1018 quae
459 947 613 999 fuerit
649 946 715 997 ad
750 947 1071 998 velocitatem
1106 966 1254 1000 suam
1285 949 1393 1017 pri-

164 1055 301 1088 mam
326 1037 379 1087 in
418 1037 468 1088 A
505 1035 768 1103 reciproce
806 1035 859 1085 in
904 1035 1258 1104 subduplicata
1298 1055 1380 1087 ra-

162 1126 301 1178 tione
326 1125 679 1177 distantiarum
710 1144 740 1174 a
765 1134 941 1176 centro
969 1124 1044 1193 (id
1069 1135 1160 1187 est,
1189 1136 1247 1175 ut
1272 1125 1323 1176 A
1346 1126 1383 1178 S

2194 289 2295 334 119

162 1216 229 1268 ad
252 1216 474 1268 mediam
498 1215 934 1284 proportionalem
958 1214 1092 1265 inter
1119 1215 1169 1266 A
1189 1216 1225 1266 S
1251 1225 1302 1266 et
1329 1215 1375 1266 Β
1405 1215 1462 1280 S)
1492 1215 1545 1284 (²)
1574 1233 1760 1284 corpus
1786 1215 1913 1267 illud
1939 1201 2122 1287 perget
2145 1215 2299 1266 innu-

161 1326 326 1359 meras
352 1304 638 1358 consiiniles
665 1303 1005 1356 revolutiones
1036 1304 1081 1355 B
1110 1304 1153 1355 F
1182 1304 1243 1366 C,
1276 1304 1319 1355 C
1343 1304 1396 1356 G
1413 1305 1485 1368 D,
1515 1306 1607 1356 &Q
1635 1304 1818 1368 facere,
1847 1315 1897 1357 et
1922 1304 2298 1357 intersectioni-

161 1431 312 1469 tionum
339 1431 490 1469 illarum
511 1430 559 1469 ad
577 1438 721 1479 partem
741 1432 839 1468 hanc
857 1437 970 1469 rectae
1001 1430 1035 1468 P
1057 1429 1095 1477 S,
1125 1430 1196 1468 cir-

162 1484 259 1521 culis
294 1484 445 1522 duobus
480 1483 729 1531 interceptam
768 1485 908 1535 (157);
947 1483 1013 1521 sed
1049 1491 1199 1521 mutato

162 1544 372 1586 utcumque
391 1537 535 1586 angulo
548 1549 663 1585 quem
676 1536 821 1583 spiralis
839 1536 1011 1573 continet
1029 1549 1120 1573 cum
1137 1550 1197 1574 ra-

162 1588 228 1626 dio
251 1590 283 1626 P
306 1593 331 1626 S
350 1589 553 1639 longitudo
580 1589 863 1626 revolutionum
885 1589 984 1625 inter
1002 1588 1100 1626 duos
1127 1590 1199 1626 cir-

160 1641 268 1679 culos
304 1642 413 1680 datos
444 1642 718 1689 comprehensa
748 1649 804 1677 est
836 1649 881 1678 ut
908 1654 1039 1678 secans
1066 1641 1200 1691 anguli

158 1693 263 1731 illius
292 1695 419 1746 (152).
495 1693 626 1737 Quare
661 1693 752 1731 cum
787 1694 921 1731 datum
958 1694 1006 1731 sit
1041 1703 1193 1742 tempus

158 1746 361 1784 descensus
379 1759 445 1795 per
462 1754 610 1795 partem
628 1746 755 1783 datam
774 1755 887 1783 rectae
910 1747 943 1784 P
961 1747 987 1784 S
1005 1747 1103 1784 inter
1121 1748 1192 1784 cir-

158 1799 267 1836 culos
285 1800 393 1838 datos
411 1807 639 1841 contentam,
661 1799 731 1836 erit
744 1808 896 1847 tempus
910 1799 1192 1837 revolutionum

157 1851 258 1890 inter
289 1853 452 1891 circulos
485 1861 531 1890 ut
560 1865 691 1889 secans
731 1853 863 1902 anguli
900 1865 1018 1901 quem
1050 1852 1198 1901 spiralis

252 1937 261 1946 .
553 1938 561 1945 .
894 1906 930 1942 O
955 1905 989 1942 P
1065 1938 1074 1946 .
1146 1938 1155 1946 .

160 1944 329 1976 continet
360 1951 449 1976 cum
481 1936 588 1975 radlo
623 1938 658 1975 P
680 1938 706 1975 S
734 1951 801 1975 seu
828 1945 872 1975 ut
894 1954 1014 2009 ‹T-S-;
1045 1951 1076 1975 ει
1095 1951 1199 1976 enim

159 2022 265 2060 sinus
289 2030 392 2061 totus
420 2022 467 2059 sit
501 2027 534 2068 l,
566 2021 637 2059 erit
665 2022 701 2060 O
729 2023 755 2060 S
773 2022 821 2059 ad
853 2023 890 2061 O
913 2024 949 2060 P
967 2031 1012 2060 ut
1034 2028 1050 2060 1
1075 2023 1123 2061 ad
1141 2037 1198 2061 se-

159 2085 308 2113 cantem
327 2076 461 2127 anguli
481 2075 517 2113 P
540 2075 577 2113 O
601 2076 627 2113 S
647 2088 714 2112 seu
736 2076 778 2120 Q
792 2076 826 2113 P
850 2076 888 2121 S,
904 2084 941 2114 et
959 2075 1047 2114 ide&
1066 2089 1197 2114 secans

158 2128 354 2198 etQ-13.

161 2195 343 2283 OPOS

162 2311 257 2348 OS

212 2398 262 2450 (ἱ)
284 2402 305 2423 ¹*
324 2401 465 2449 Corpus
482 2402 580 2439 illud
591 2407 734 2450 perget,
755 2401 824 2439 ἃς.
869 2401 1012 2440 Centro
1034 2402 1061 2440 S
1080 2410 1117 2441 et
1135 2415 1195 2440 ra-

157 2450 222 2489 dio
241 2452 329 2489 dato
351 2452 378 2490 S
401 2454 436 2490 A
458 2452 647 2501 descripta
660 2454 897 2505 intelligatur
916 2455 1062 2505 spiralis
1088 2456 1195 2506 loga-

157 2504 331 2542 rithmica
344 2517 430 2554 quae
444 2504 568 2554 prima
581 2506 818 2544 revolutione
831 2506 1016 2554 absoluta,
1029 2517 1196 2547 transeat

156 2568 225 2604 per
254 2565 442 2606 punctum
474 2559 508 2595 B
537 2558 670 2596 datum
691 2559 731 2596 in
750 2560 856 2597 radio
879 2562 905 2599 S
927 2563 964 2598 A
995 2561 1126 2613 (153.)
1156 2570 1195 2600 et

156 2610 302 2657 spiralis
320 2611 385 2647 illa
403 2610 482 2648 suis
500 2624 649 2660 semper
675 2612 862 2651 similibus
892 2614 1194 2653 revolutionibus

156 2661 367 2713 distinguet
385 2664 533 2701 radium
560 2667 593 2701 A
614 2666 640 2702 S
658 2665 698 2701 in
718 2674 843 2713 partes
865 2667 903 2704 A
923 2668 960 2711 S,
987 2668 1021 2705 B
1041 2668 1078 2712 S,
1105 2669 1136 2706 C
1153 2669 1192 2715 S,

159 2715 200 2753 D
224 2716 258 2759 S,
289 2717 358 2753 &c.
390 2716 571 2754 continue
590 2718 888 2767 proportionales
909 2720 1037 2771 (150).
1100 2720 1192 2759 Fin-

157 2780 295 2817 gamus
320 2769 433 2806 etiam
452 2768 555 2819 quod
572 2770 708 2808 iisdem
726 2771 857 2819 positis
875 2785 962 2822 quae
992 2773 1051 2823 (in
1073 2773 1188 2822 Prop.

159 2820 280 2869 XV.)
310 2834 448 2870 corpus
466 2822 620 2872 aliquod
644 2824 673 2860 P
693 2824 734 2860 in
750 2824 879 2862 medio
893 2826 1008 2875 justae
1027 2825 1192 2864 densita-

156 2873 204 2910 tis
223 2874 399 2921 spiralem
418 2875 523 2912 illam
544 2875 845 2926 logarithmicam
870 2878 1067 2924 describat,
1097 2878 1193 2916 dum

159 2938 298 2973 corpus
330 2926 435 2964 aliud
466 2928 508 2972 Q
532 2927 572 2965 in
592 2930 667 2966 alio
686 2929 814 2967 medio
832 2930 1011 2968 describit
1035 2944 1192 2969 curvam

159 2977 197 3015 A
221 2979 257 3015 E
284 2979 319 3016 B
342 2979 375 3016 F
398 2980 429 3018 C
453 2980 480 3018 S
500 2988 537 3018 et
555 2981 594 3018 in
614 2982 749 3018 iisdem
768 2995 789 3019 a
809 2991 940 3021 centro
962 2984 988 3022 S
1007 2983 1193 3022 distantiis

415 2160 537 2199 Porro
554 2160 643 2199 data
661 2160 762 2199 recta
784 2161 819 2199 P
834 2161 872 2204 S.
894 2161 1059 2201 densitas
1077 2169 1134 2201 est
1153 2171 1197 2201 ut

275 2278 462 2340 reciproce
484 2281 569 2332 (per
590 2280 678 2318 Cor.
703 2284 740 2318 2.
762 2280 911 2332 hujus).
974 2280 1095 2332 Ergo,
1120 2283 1191 2321 διο.

157 3030 362 3069 densitates
380 3032 545 3070 duorum
564 3034 781 3072 mediorum
808 3043 921 3074 erunt
948 3036 989 3073 in
1016 3035 1107 3074 data
1132 3049 1193 3075 ra-

154 3083 271 3129 tione,
299 3097 388 3122 cum
408 3086 448 3122 in
466 3094 627 3136 utroque
645 3087 773 3125 medio
791 3089 839 3125 sit
859 3091 946 3140 (per
966 3089 1074 3138 Hyp.
1102 3090 1190 3128 Cor.

154 3136 272 3186 hujus
286 3145 324 3174 et
340 3150 408 3186 per
429 3139 546 3187 Prop.
571 3140 688 3189 XV.)
717 3139 883 3178 densitas
900 3142 939 3179 in
959 3142 1046 3180 loco
1077 3144 1113 3180 A
1142 3143 1193 3181 ad

154 3187 379 3227 densitatem
409 3190 450 3227 in
477 3192 562 3229 loco
583 3192 632 3238 B,
662 3200 707 3230 ut
730 3194 756 3231 S
777 3195 812 3232 B
834 3194 883 3232 ad
905 3195 931 3232 S
954 3195 1005 3232 A.
1068 3195 1194 3233 Simili

154 3242 271 3279 modo
302 3243 517 3281 velocitates
548 3257 750 3293 corporum
781 3247 816 3284 P
843 3254 882 3284 et
912 3248 953 3292 Q
968 3248 1009 3284 in
1027 3247 1112 3286 loco
1142 3250 1190 3294 B,

154 3301 267 3332 erunt
298 3295 338 3331 in
365 3296 589 3333 eorumdem
616 3297 832 3337 velocitates
850 3300 890 3337 in
908 3300 995 3338 loco
1025 3301 1077 3346 A,
1108 3303 1194 3353 (per

156 3345 275 3395 Prop.
302 3348 399 3385 XV.
429 3355 468 3386 et
496 3349 604 3399 Hyp.
633 3351 760 3390 Corol.
786 3353 923 3404 hujus)
957 3351 1124 3403 ide6que
1150 3355 1192 3392 in

153 3397 241 3436 data
261 3401 433 3446 ratione3
453 3400 550 3438 vires
567 3409 696 3440 autem
711 3407 931 3454 centripetae
949 3406 1089 3456 quibus
1107 3419 1192 3445 cor-

151 3463 246 3509 pora
276 3453 311 3490 P
330 3461 368 3490 et
390 3453 432 3497 Q
454 3461 653 3504 urgentur,
686 3465 777 3495 sunt
801 3458 844 3495 in
870 3466 1034 3509 utroque
1060 3459 1189 3498 medio

151 3503 285 3542 lisdem
306 3505 346 3542 in
363 3506 458 3543 locis
475 3506 621 3544 eaedem
641 3509 727 3558 (per
747 3510 894 3560 Hyp.),
915 3519 953 3549 et
971 3512 1124 3550 tandem
1140 3515 1189 3552 ob

151 3558 314 3606 angulos
344 3558 454 3596 datos
481 3572 579 3609 quos
613 3566 693 3597 tam
729 3563 878 3610 spiralis
912 3564 1189 3615 logarithmica,

150 3608 265 3657 quem
293 3623 409 3649 curva
444 3614 481 3650 A
505 3613 541 3649 E
565 3613 601 3649 B
636 3615 807 3653 continet
833 3628 924 3653 cum
952 3616 1060 3655 radio
1091 3618 1128 3654 A
1152 3619 1191 3665 S,

150 3660 375 3719 directiones
400 3672 579 3702 motuum
599 3664 640 3701 in
661 3666 823 3716 utraque
841 3668 959 3706 curva
977 3682 1085 3718 pares
1103 3679 1194 3708 sunt

149 3724 191 3748 m
209 3713 303 3751 locis
325 3717 362 3753 A
382 3723 421 3754 et
441 3718 476 3755 B
493 3732 506 3764 ;
537 3717 655 3767 quare
673 3727 873 3769 postquam
895 3734 1033 3770 corpus
1055 3723 1096 3767 Q
1111 3724 1189 3771 pri-

149 3763 216 3803 ma
241 3768 478 3808 revolutione
499 3773 538 3809 A
555 3771 593 3809 E
616 3771 652 3809 B
673 3773 857 3820 absoluta,
886 3775 1060 3823 pervenit
1076 3776 1118 3813 in
1138 3777 1189 3823 B,

1253 1443 1322 1479 per
1352 1428 1457 1481 quod
1488 1436 1680 1479 punctum
1707 1429 1842 1473 transit
1870 1429 1984 1468 etiam
2012 1427 2160 1479 spiralis
2188 1428 2296 1480 loga-

1253 1484 1442 1529 rithmica,
1462 1483 1598 1521 eodem
1617 1483 1733 1521 modo
1751 1484 2027 1521 determinatur
2045 1482 2094 1519 ad
2109 1482 2296 1520 aemulan.

1254 1535 1350 1573 dum
1368 1544 1518 1573 motum
1538 1537 1706 1584 corporis
1728 1536 1763 1574 P
1782 1536 1992 1574 secundam
2010 1548 2118 1572 suam
2145 1535 2298 1573 revolu-

1253 1589 1400 1625 tionem
1417 1589 1656 1634 absolvenffis,
1690 1602 1769 1638 quo
1788 1589 2083 1626 determinatum
2104 1589 2229 1626 fuerat
2256 1589 2297 1626 in

1254 1641 1341 1678 loco
1359 1645 1396 1678 A
1414 1649 1459 1678 ut
1477 1641 1723 1679 aemularetur
1748 1649 1900 1679 motum
1928 1642 2096 1689 corporis
2123 1640 2298 1690 ejusdem

1257 1693 1292 1730 P
1312 1695 1475 1741 primam
1496 1705 1606 1731 suam
1625 1694 1903 1731 revolutionem
1923 1694 2175 1741 perficientis;
2205 1693 2297 1732 cum

1249 1748 1335 1795 (per
1360 1746 1483 1795 dem.)
1514 1747 1645 1785 omnia
1662 1747 1768 1795 paria
1786 1747 1862 1784 sint
1881 1748 1921 1783 in
1941 1746 2035 1784 locis
2055 1747 2089 1783 B
2114 1754 2151 1783 et
2174 1749 2211 1784 A
2238 1748 2296 1784 vi-

1252 1798 1392 1837 delicet
1418 1799 1635 1837 mediorum
1656 1800 1872 1845 densitates,
1894 1811 2096 1848 corporum
2118 1799 2297 1837 velocita-

1252 1860 1320 1897 tes,
1342 1853 1578 1897 directiones,
1609 1853 1782 1902 viresque
1801 1853 2033 1901 centripetae.
2097 1852 2297 1896 Quoniam

1252 1905 1371 1954 igitur
1402 1905 1570 1943 secunda
1597 1906 1746 1954 spiralis
1764 1906 2041 1956 logarithmicae
2058 1905 2247 1943 revolutio
2274 1920 2297 1944 a

1253 1966 1398 2005 puncto
1421 1960 1456 1996 B
1477 1958 1526 1995 ad
1546 1966 1735 2006 punctum
1767 1960 1799 1996 C
1827 1959 1941 2006 priori
1962 1971 1985 1995 a
2002 1965 2149 2006 puncto
2180 1959 2216 1995 A
2246 1960 2297 1997 ad

1252 2019 1443 2058 punctum
1461 2012 1497 2049 B
1517 2011 1700 2048 absolutae
1715 2011 1851 2048 similis
1869 2023 1926 2048 est
1943 2010 2073 2062 (150),
2095 2023 2296 2051 necessum

1253 2071 1311 2101 est
1328 2072 1373 2101 ut
1390 2064 1560 2101 secunda
1585 2077 1739 2114 quoque
1765 2077 1893 2101 curvae
1920 2063 2111 2101 revolutio
2146 2064 2181 2101 B
2207 2064 2239 2101 F
2263 2066 2295 2104 C

1250 2116 1366 2165 priori
1397 2118 1435 2154 A
1458 2118 1494 2155 E
1520 2118 1554 2154 B
1575 2117 1623 2154 sit
1641 2116 1801 2163 similis;
1831 2124 1869 2154 et
1887 2115 2002 2153 simili
2021 2116 2140 2154 modo
2167 2124 2294 2155 osten-

1251 2169 1364 2208 detur
1392 2170 1650 2207 revolutiones
1677 2182 1811 2207 omnes
1841 2171 1876 2207 B
1901 2169 1934 2207 F
1956 2170 2000 2213 C,
2027 2170 2058 2207 C
2083 2169 2120 2206 G
2143 2170 2197 2215 D,
2218 2171 2287 2209 &c-

1249 2230 1288 2260 et
1305 2231 1434 2261 motus
1452 2223 1621 2271 corporis
1644 2224 1684 2267 Q
1702 2236 1765 2260 eas
1783 2222 2012 2261 absolventis
2040 2235 2119 2260 esse
2139 2222 2238 2259 inter
2254 2237 2295 2261 se

1250 2276 1404 2313 similes.
1480 2277 1610 2313 Erunt
1646 2276 1766 2326 igitur
1801 2275 2057 2313 revolutiones
2101 2275 2138 2312 A
2171 2275 2208 2312 E
2243 2277 2291 2321 B,

1253 2329 1414 2376 BFC‚
1441 2330 1603 2374 CGD,
1637 2330 1707 2366 ἃς.
1740 2336 1785 2366 ut
1812 2329 1909 2365 radii
1942 2329 2038 2371 AS,
2073 2328 2291 2376 BS,CS‚

1249 2383 1318 2420 &c.
1343 2382 1383 2419 id
1402 2389 1469 2428 est,
1491 2381 1674 2420 continue
1693 2381 2005 2430 proportionales,
2027 2389 2065 2419 et
2083 2383 2132 2419 ob
2151 2382 2293 2418 simili-

1249 2435 1427 2473 tudinem
1465 2442 1644 2472 motuum
1686 2436 1727 2471 in
1763 2434 1955 2473 similibus
1990 2434 2294 2473 revolutionibus

1253 2490 1291 2526 A
1314 2489 1351 2526 E
1376 2489 1425 2534 B,
1457 2488 1493 2526 Β
1518 2488 1550 2525 F
1573 2488 1618 2534 C,
1647 2489 1716 2525 διε.
1749 2488 1781 2524 si
1800 2500 1846 2524 ex
1866 2496 1997 2525 centro
2019 2488 2045 2525 S
2065 2487 2206 2525 ductus
2231 2488 2292 2525 in-

1248 2541 1446 2591 telligatur
1476 2540 1605 2578 radius
1632 2540 1892 2578 revolutiones
1919 2540 2004 2577 illas
2031 2553 2163 2578 secans
2181 2540 2221 2577 in
2241 2539 2294 2587 E,

1255 2592 1303 2639 F,
1331 2597 1383 2640 G,
1403 2597 1472 2631 &c-
1490 2607 1577 2644 quae
1595 2601 1708 2631 erunt
1727 2594 1768 2630 in
1786 2593 2088 2631 revolutionibus
2119 2595 2158 2630 A
2179 2594 2217 2631 E
2239 2596 2290 2642 B,

1253 2648 1290 2685 B
1315 2648 1347 2685 F
1370 2648 1415 2693 C,
1436 2648 1504 2685 &c.
1528 2647 1613 2683 loca
1631 2647 1849 2697 homologa,
1870 2646 1941 2684 erit
1958 2646 2120 2684 velocita
2179 2659 2291 2696 orpo-

1247 2701 1299 2737 ris
1318 2701 1359 2744 Q
1374 2700 1415 2736 in
1434 2700 1519 2737 loco
1540 2699 1577 2736 E
1598 2700 1648 2737 ad
1664 2699 1903 2736 velocitatem
1921 2700 2005 2750 ejus
2019 2700 2059 2735 in
2078 2699 2118 2736 lo
2187 2701 2225 2737 A
2244 2709 2291 2740 ut

1248 2753 1427 2791 velocitas
1457 2753 1500 2789 in
1530 2753 1563 2790 F
1591 2753 1640 2789 ad
1658 2752 1900 2789 velocitatem
1919 2752 1961 2789 in
1983 2752 2033 2798 B,
2065 2760 2103 2790 et
2129 2753 2291 2801 proinde

1247 2806 1427 2844 velocitas
1443 2805 1485 2842 in
1514 2806 1551 2843 E
1572 2805 1620 2843 ad
1639 2806 1879 2843 velocitatem
1897 2805 1938 2842 in
1961 2805 2011 2850 B,
2040 2814 2086 2843 ut
2112 2806 2291 2845 velocitas

1246 2860 1287 2895 in
1310 2859 1349 2896 A
1367 2858 1416 2896 ad
1430 2858 1673 2896 velocitatem
1687 2858 1727 2895 in
1751 2859 1799 2904 B,
1819 2858 1860 2895 id
1872 2865 1939 2905 est,
1962 2861 2049 2909 (per
2062 2859 2171 2908 Hyp.
2195 2860 2284 2898 Cor.

1564 2912 1591 2938 L
1782 2911 1809 2938 L

1245 2943 1378 2994 hujus)
1400 2950 1445 2981 ut
1466 2944 1501 2981 B
1521 2944 1547 2981 S
1568 2940 1590 2962 ²
1609 2942 1659 2981 ad
1680 2947 1718 2981 A
1739 2945 1765 2982 S
1786 2940 1834 2989 ²;
1864 2942 1932 2981 sed
1958 2950 2130 2992 tempora
2148 2945 2289 2996 quibus

1246 2998 1365 3044 spatia
1383 2997 1590 3046 homologa
1607 3009 1725 3046 quam
1743 2995 1906 3033 minima
1929 2996 1972 3033 in
1999 2997 2092 3034 locis
2121 2998 2158 3035 E
2187 3006 2225 3036 et
2255 2999 2289 3036 F

1247 3050 1515 3094 describuntur
1538 3057 1630 3087 sunt
1647 3057 1692 3087 ut
1710 3050 1831 3097 spatia
1849 3049 1915 3087 illa
1933 3049 2075 3089 directe
2093 3057 2131 3088 et
2148 3051 2289 3089 veloci-

1247 3109 1343 3140 tates
1361 3101 1507 3140 inverse
1528 3101 1643 3153 (12);
1671 3115 1788 3152 quare
1816 3115 1907 3139 cum
1934 3103 2055 3152 spatia
2081 3105 2289 3155 homologa

1246 3155 1287 3192 in
1305 3156 1398 3194 locis
1417 3156 1454 3193 E
1475 3162 1514 3192 et
1536 3155 1569 3192 F
1596 3155 1673 3193 sint
1691 3162 1736 3193 ut
1753 3154 1850 3193 radii
1872 3156 1911 3192 A
1935 3156 1962 3194 S
1980 3163 2019 3194 et
2040 3157 2076 3194 B
2100 3158 2139 3204 S,
2168 3165 2206 3195 et
2223 3170 2289 3195 ve-

1790 3207 1806 3229 1
2004 3209 2020 3231 1

1246 3240 1417 3279 locitates
1438 3233 1586 3278 'ibidem
1612 3241 1658 3277 u't
1679 3239 1718 3277 A
1741 3239 1768 3278 S
1789 3236 1811 3258 ²
1831 3247 1870 3278 et
1892 3241 1927 3279 B
1952 3241 1978 3278 S
1997 3232 2026 3260 ἶ
2043 3241 2192 3280 inverse
2221 3246 2287 3295 (ex

1246 3293 1371 3343 dem.)
1405 3301 1557 3341 tempus
1585 3304 1663 3342 quo
1698 3293 1865 3341 spatium
1897 3294 2105 3331 minimum
2136 3299 2287 3333 revolu-

1247 3346 1362 3383 tionis
1384 3346 1421 3384 A
1437 3346 1473 3383 E
1490 3346 1525 3383 B
1546 3345 1773 3383 describitur
1792 3354 1849 3384 est
1867 3347 1917 3385 ad
1935 3355 2088 3396 tempus
2105 3361 2184 3401 quo
2202 3349 2286 3388 des-

1245 3398 1404 3436 cribitur
1422 3398 1588 3448 spatium
1607 3398 1860 3449 homologum
1877 3400 2126 3438 revolutionis
2153 3401 2288 3439 similis

1245 3451 2214 3532 BreutAsxAsffadssstsiz
2244 3485 2286 3522 id

1247 3574 1315 3612 est,
1335 3574 1380 3605 ut
1402 3567 1440 3605 A
1462 3536 1534 3604 S}
1554 3567 1603 3606 ad
1625 3568 1661 3606 B
1683 3537 1766 3615 δὲ,
1787 3569 1949 3620 ideoque
1962 3570 2003 3607 in
2022 3568 2112 3617 data
2122 3570 2280 3608 ratione.

1252 3619 1367 3657 Unde
1382 3623 1468 3671 (per
1482 3621 1569 3658 Cor.
1589 3621 1700 3658 Lem.
1721 3623 1796 3660 IV.
1816 3623 1902 3661 Lib.
1923 3623 1982 3670 l.)
1995 3630 2145 3670 tempus
2156 3630 2283 3660 totum

1246 3684 1326 3722 quo
1337 3685 1474 3721 corpus
1490 3674 1530 3718 Q
1542 3676 1703 3721 primam
1717 3688 1826 3715 suam
1838 3675 2115 3714 revolutionem
2134 3677 2172 3713 A
2189 3676 2224 3713 E
2244 3676 2281 3713 Β

1244 3726 1405 3763 absolvit
1435 3734 1493 3763 est
1525 3725 1579 3764 ad‘
1605 3733 1756 3776 tempus
1788 3740 1868 3779 quo
1894 3729 2101 3767 secundam
2128 3728 2282 3770 revolu-

1245 3777 1391 3816 tionem
1434 3779 1470 3817 B
1510 3778 1544 3818 F
1584 3780 1632 3828 C,
1678 3777 1826 3832 perficit
1868 3780 1910 3818 in
1954 3779 2089 3820 eadem
2134 3781 2279 3819 ratione

1183 3846 1274 3884 114
