2502 4192
136 266 322 318 L1BER
344 266 614 329 SECUND]
668 263 1066 316 PRINCIPIA
1108 262 1726 315 MATHEMATICA.
1892 268 1901 275 ”
2169 268 2269 317 187

134 410 216 461 vel
245 417 309 461 10
333 408 399 459 ad
429 418 450 461 l
483 408 699 461 circiter.
779 408 883 461 Sed
913 407 1266 477 experimento
1289 407 1450 476 priori
1486 408 1650 476 magis
1676 405 1946 458 fidendum
1982 414 2074 468 est,
2109 423 2267 474 prop-

134 508 274 551 terea
299 499 441 569 quod
464 500 519 550 in
543 499 623 550 his
650 498 840 549 ultimis
865 517 954 549 vas
978 498 1129 548 nimis
1154 507 1429 568 angustum
1466 497 1563 549 fu1t
1600 516 1698 566 pro
1733 495 2089 567 magnitudine
2124 496 2267 565 globi

130 587 372 638 immersi.
446 587 710 655 Ampliato
752 587 924 657 globo,
970 586 1182 638 deberet
1221 587 1374 638 etiam
1414 605 1503 638 vas
1553 585 1804 654 ampliari.
1882 584 2267 635 Constitueram

130 676 338 746 quidem
379 675 675 745 hujusmodi
714 674 1065 743 experimenta
1100 674 1154 724 in
1185 675 1319 726 vasis
1353 675 1633 744 majoribus
1660 684 1712 726 et
1735 675 1790 724 in
1822 672 2110 743 liquoribus
2154 681 2266 722 tum

128 764 452 816 metallorum
476 763 723 826 susorum,
762 773 872 814 tum
899 762 1008 813 aliis
1033 763 1341 843 quibusdam
1365 773 1471 814 tam
1496 764 1675 815 calidis
1701 782 1857 833 quam
1881 762 2081 832 frigidis
2115 780 2264 829 repe-

127 863 263 905 tere:
291 853 382 904 sed
407 853 578 904 omnia
603 851 826 921 experiri
854 869 960 902 non
985 860 1147 914 vacat,
1177 861 1229 903 et
1253 870 1317 903 ex
1335 852 1446 920 jam
1471 851 1739 919 descriptis
1766 851 1887 902 satis
1912 850 2074 919 liquet
2109 849 2262 901 resis-

126 945 338 998 tentiam
363 963 637 1015 corporum
663 943 894 995 celeriter
918 952 1178 994 motorum
1203 943 1443 994 denffltati
1466 942 1745 993 fluidorum
1770 942 1825 992 in
1841 941 2026 1011 quibus
2043 958 2260 992 moven-

126 1047 211 1088 tur
236 1035 674 1105 proportionalem
700 1053 810 1086 esse
836 1052 991 1104 quam
1013 1032 1266 1102 proxime.
1333 1034 1457 1085 Non
1483 1033 1602 1084 dico
1628 1033 1883 1087 accurate.
1947 1030 2087 1085 Nam
2105 1032 2265 1084 fluida

125 1128 400 1190 tenaciora,
429 1127 543 1195 pari
568 1127 836 1188 densitate,
862 1124 1206 1194 proculdubio
1231 1125 1393 1196 magis
1420 1124 1666 1176 resistunt
1690 1124 1846 1195 quam
1870 1123 2164 1194 liquidiora,
2203 1132 2265 1173 ut

124 1218 297 1270 oleum
320 1218 565 1288 frigidum
601 1236 753 1286 quam
780 1216 1019 1278 calidum,
1066 1216 1288 1267 calidum
1316 1214 1471 1285 quam
1495 1235 1628 1287 aqua
1652 1216 1905 1285 pluvialis,
1951 1234 2085 1285 aqua
2109 1211 2265 1284 quam

124 1308 330 1375 spiritus
355 1307 475 1357 vini.
551 1307 748 1357 Verum
771 1306 825 1356 in
850 1306 1151 1375 liquoribus,
1193 1305 1280 1374 qui
1306 1304 1373 1355 ad
1407 1323 1614 1357 sensum
1641 1305 1760 1356 satis
1785 1305 1933 1356 fluidi
1960 1314 2097 1367 sunt,
2126 1314 2184 1356 ut
2208 1305 2264 1355 in

123 1398 256 1458 a'eSre,
284 1397 339 1447 in
363 1394 495 1465 aqua
522 1414 612 1446 seu
637 1394 775 1446 dulci
799 1414 889 1446 seu
915 1393 1061 1457 salse,
1089 1394 1144 1444 in
1169 1393 1429 1461 spiritibus
1455 1394 1575 1457 vini,
1604 1394 1880 1446 terebinthi
1905 1403 1956 1445 et
1981 1394 2180 1456 salium,
2208 1393 2264 1443 in

123 1487 239 1537 oleo
263 1506 294 1537 a
317 1486 528 1537 faecibus
565 1504 660 1554 per
696 1486 1082 1537 distillationem
1106 1485 1325 1537 liberato
1351 1496 1402 1536 et
1427 1486 1688 1548 calefacto,
1730 1487 1948 1556 oleoque
1985 1485 2176 1537 vitrioli
2213 1495 2265 1536 et

121 1579 392 1642 mercurio,
432 1597 491 1629 ac
516 1577 735 1630 metallis
760 1578 1061 1648 liquefactis,
1091 1588 1142 1629 et
1168 1579 1211 1629 si
1236 1578 1325 1647 qui
1351 1578 1453 1629 sint
1478 1578 1579 1640 alii,
1620 1578 1709 1647 qui
1733 1589 1840 1629 tam
1862 1578 2010 1628 fluidi
2047 1587 2168 1629 sunt
2205 1587 2264 1628 ut

120 1671 174 1721 in
198 1670 330 1722 vasis
356 1669 531 1740 agitati
555 1678 755 1720 motum
779 1670 1088 1737 impressum
1120 1667 1312 1719 diutius
1352 1677 1671 1729 conservent,
1715 1667 1964 1736 effusique
1996 1665 2263 1718 liberrime

119 1760 174 1810 in
211 1768 382 1830 guttas
420 1758 744 1810 decurrendo
779 1759 1116 1821 resolvantur,
1162 1757 1334 1808 nullus
1373 1757 1554 1808 dubito
1590 1757 1716 1827 quin.
1753 1757 1934 1828 regula
1959 1756 2113 1808 allata
2139 1758 2261 1809 satis

90 1885 93 1888 Δ
122 1852 358 1905 accurate
391 1853 647 1904 obtineat:
699 1852 985 1921 praesertim
1023 1852 1065 1902 si
1102 1850 1455 1919 experimenta
1494 1850 1548 1899 in
1582 1849 1887 1917 corporibus
1930 1848 2172 1917 pendulis
2211 1858 2263 1901 et

119 1944 398 2013 majoribus
425 1955 476 1996 et
494 1944 719 1995 velocius
743 1943 894 1994 motis
919 1943 1265 1995 instituantur.

190 2033 432 2101 Denique
459 2029 577 2083 cfim
601 2032 968 2083 nonnullorum
992 2033 1168 2100 opinio
1201 2032 1279 2094 sit,
1324 2031 1553 2083 medium
1596 2031 1858 2101 quoddam
1885 2031 2170 2084 aethereum
2208 2041 2261 2083 et

118 2122 272 2194 longe
292 2123 677 2174 subtilissimum
694 2132 885 2186 extare,
914 2123 1052 2193 quod
1070 2141 1248 2175 omnes
1268 2124 1499 2175 omnium
1520 2142 1796 2192 corporum
1811 2143 1968 2193 poros
1989 2135 2040 2176 et
2058 2133 2257 2175 meatus

119 2210 378 2263 liberrime
415 2221 648 2280 permeet
661 2231 675 2273 3
721 2231 752 2262 a
776 2212 865 2263 tali
890 2221 1064 2262 autem
1088 2211 1260 2263 medio
1285 2230 1379 2280 per
1404 2231 1682 2281 corporum
1706 2232 1862 2281 poros
1888 2213 2082 2265 fluente
2106 2213 2258 2264 resis-

119 2302 277 2353 tentia
302 2302 426 2353 oriri
450 2301 661 2353 debeat:
700 2312 758 2353 ut
793 2312 1045 2353 tentarem
1069 2321 1136 2353 an
1159 2303 1463 2365 resistentia,
1502 2323 1657 2373 quam
1682 2304 1737 2354 in
1761 2305 1914 2355 motis
1954 2305 2257 2374 corporibus

120 2392 430 2460 experimur,
471 2401 577 2442 tota
604 2392 670 2443 sit
693 2392 748 2442 in
774 2410 953 2443 eorum
978 2391 1192 2444 externa
1220 2392 1507 2460 superficie,
1548 2412 1614 2443 an
1638 2412 1760 2445 vero
1785 2403 1957 2469 partes
1987 2395 2140 2445 etiam
2176 2395 2257 2444 in-

118 2492 280 2534 ternae
304 2483 358 2533 in
383 2482 748 2551 superficiebus
774 2483 996 2551 propriis
1023 2483 1360 2535 resistentiam
1388 2483 1669 2551 notabilem
1695 2485 1934 2547 sentia-nt,
1962 2484 2258 2552 excogitavi

120 2571 537 2647 experimentum.
553 2571 670 2622 tale.
746 2570 862 2622 Filo
897 2571 1088 2640 pedum
1126 2571 1365 2623 undecim
1390 2571 1727 2641 longitudinis
1753 2574 1819 2623 ab
1845 2592 1980 2624 unco
2006 2573 2256 2642 chalybeo

119 2662 239 2714 satis
264 2662 432 2724 firmo,
470 2662 731 2713 mediante
757 2662 949 2713 annulo
974 2662 1239 2732 chalybeo,
1280 2662 1656 2730 suspendebam
1693 2663 1941 2732 pyxidem
1982 2663 2256 2734 abiegnam

117 2751 409 2814 rotundam,
452 2750 520 2802 ad
556 2751 971 2803 constituendum
1010 2751 1297 2819 pendulum
1338 2751 1674 2822 longitudinis
1707 2753 1989 2821 praedictae.
2069 2754 2254 2805 Uncus

120 2857 323 2890 sursum
346 2849 637 2908 praeacutus
664 2849 774 2890 erat
797 2840 905 2890 acie
931 2838 1172 2902 concava,
1216 2850 1275 2891 ut
1299 2840 1519 2891 annulus
1553 2859 1676 2892 arcu
1711 2860 1805 2893 suo
1837 2843 2101 2911 superiore
2126 2843 2255 2894 aciei

117 2927 338 2979 annixus
361 2926 621 2979 liberrime
644 2937 949 2980 moveretur.
1025 2928 1189 2980 Arcui
1213 2938 1385 2980 autem
1419 2928 1649 2981 inferiori
1685 2934 2053 2985 annectebatur
2089 2934 2253 2986 filum.

119 3015 414 3068 Pendulum
438 3017 509 3068 ita
533 3016 869 3068 constitutum
895 3016 1215 3069 deducebam
1239 3037 1272 3069 a
1295 3018 1667 3088 perpendiculo
1693 3021 1760 3071 ad
1786 3021 2082 3075 distantiam
2107 3025 2254 3094 quasi

114 3112 308 3180 pedum
334 3131 445 3175 sex,
490 3112 644 3182 idque
670 3113 952 3164 secundum
976 3114 1188 3182 planum
1213 3115 1341 3166 aciei
1366 3115 1485 3166 unci
1510 3115 1958 3184 perpendiculare,
1996 3132 2064 3165 ne
2089 3133 2254 3165 annu-

118 3198 219 3261 lus,
258 3200 521 3252 oscillante
539 3201 785 3274 pendulo,
814 3221 971 3270 supra
997 3203 1157 3254 aciem
1183 3203 1304 3254 unci
1329 3203 1465 3255 ultro
1491 3204 1725 3273 citroque
1761 3204 2038 3255 laberetur.
2114 3203 2254 3254 Nam

115 3295 366 3355 punctum
391 3289 754 3355 suspensionis,
781 3289 835 3340 in
861 3309 964 3359 quo
989 3290 1206 3342 annulus
1225 3309 1418 3342 uncum
1436 3292 1617 3362 tangit,
1643 3292 1915 3342 immotum
1934 3309 2144 3342 manere
2164 3291 2254 3342 de-

118 3376 221 3428 bet.
276 3376 477 3428 Locum
493 3377 650 3447 igitur
669 3379 904 3431 accurate
919 3381 1179 3444 notabam,
1207 3382 1273 3433 ad
1299 3400 1452 3451 quem
1469 3382 1787 3434 deduxeram
1802 3382 2104 3451 pendulum,
2133 3382 2254 3433 dein

118 3464 346 3532 pendulo
382 3465 605 3516 demisso
642 3468 886 3518 notabam
911 3469 1010 3520 alia
1033 3471 1131 3521 tria
1155 3470 1270 3521 loca
1294 3470 1361 3520 ad
1388 3489 1504 3539 quae
1528 3470 1731 3522 redibat
1755 3470 1809 3521 in
1835 3471 1941 3522 fine
1978 3470 2255 3522 oscillatio-

117 3554 197 3606 nis
222 3556 419 3623 primae,
449 3555 688 3607 secundae
713 3576 773 3608 ac
798 3559 981 3609 tertiae.
1061 3559 1185 3611 Hoc
1210 3560 1507 3628 repetebam
1533 3561 1738 3629 saepius,
1765 3570 1824 3612 ut
1847 3560 1962 3611 loca
1985 3560 2073 3609 illa
2099 3577 2253 3627 quam

117 3643 263 3709 potui
303 3643 680 3695 accuratissime
718 3645 1015 3698 invenirem.
1093 3648 1233 3699 Tum
1275 3648 1522 3717 pyxidem
1564 3649 1784 3717 plumbo
1824 3659 1876 3700 et
1913 3647 2251 3718 gravioribus,

119 3749 235 3799 quae
260 3732 326 3782 ad
351 3751 532 3784 manus
558 3743 720 3796 erant,
748 3736 967 3787 metallis
992 3737 1284 3805 implebam.
1342 3738 1445 3789 Sed
1460 3738 1602 3807 prius
1627 3738 1982 3808 ponderabam
2005 3735 2254 3805 pyxidem

119 3835 348 3882 vacuam,
391 3820 493 3872 une
526 3841 641 3874 cum
672 3833 817 3891 parte
855 3824 929 3875 fili
968 3844 1083 3895 quae
1128 3828 1319 3878 circum
1354 3828 1600 3897 pyxidem
1631 3829 1930 3881 volvebatur
1955 3845 2015 3878 ac
2040 3826 2254 3877 dimidio
