2502 4192
224 253 327 301 296

760 245 1324 300 PHILOSOPHIAE
1365 245 1815 299 NATURALIS
1902 247 2355 311 [MoT.ConPon.

227 392 330 444 Sed
370 402 422 443 et
469 409 562 443 cur
605 391 716 441 soni
759 391 811 441 in
857 390 991 441 tubis
1042 389 1506 457 stentorophonicis
1555 388 1706 441 valde
1754 401 2024 461 augentur,
2076 411 2142 444 ex
2191 393 2354 446 allatis

221 481 487 551 principiis
529 479 856 532 manifestum
899 488 992 530 est.

279 662 370 696 321.
403 659 522 697 Corol·
547 661 581 694 1.
617 654 726 693 Hinc
744 654 776 692 si
797 667 914 693 sonus
932 667 954 692 e
971 661 1103 692 centro
1129 652 1263 704 quovis

227 712 265 749 A
286 712 425 748 dIrecte
443 716 676 759 propagatus
693 709 734 746 in
749 707 990 746 obstaculum
1001 707 1161 756 planum
1173 707 1263 744 satis

224 775 412 814 magnum
434 764 470 807 B
491 763 522 799 C
541 762 722 807 incurrat,
742 771 781 799 et
799 774 847 798 ex
869 762 907 797 A
928 760 1091 798 ducatur
1108 760 1157 797 ad
1173 761 1207 797 B
1227 761 1259 798 C

224 814 547 865 perpendicularis
579 816 617 852 A
639 815 689 858 E,
721 814 1031 863 producaturque
1062 813 1112 851 ad
1142 813 1186 850 H
1216 820 1261 851 ut

224 870 275 907 sit
308 870 344 907 E
367 870 410 905 H
440 867 599 919 aequnlis
629 869 667 905 A
690 868 752 915 E;
786 880 903 904 sonus
934 865 1098 903 reflexus
1129 866 1266 904 eodem

225 923 307 960 fere
334 921 451 959 modo
477 920 708 969 percipietur
731 933 776 958 ac
793 919 824 957 si
843 933 891 957 ex
911 920 996 957 loco
1018 919 1063 957 H
1082 927 1265 971 tanquam

225 983 356 1013 centro
374 973 513 1013 directe
531 980 804 1024 propagaretur
820 972 950 1024 (194).

279 1050 367 1083 322.
412 1047 531 1084 Corol.
565 1049 602 1083 2.
653 1044 836 1083 Similiter
866 1044 896 1081 si
928 1057 1046 1082 sonus
1077 1058 1100 1082 a
1131 1051 1263 1083 centro

225 1098 360 1150 quovis
385 1106 618 1148 propagatus
634 1099 676 1135 in
695 1098 935 1136 obstaculum
962 1097 1160 1148 quodlibet
1185 1097 1259 1134 im-

225 1152 372 1201 pingat,
402 1165 425 1189 a
442 1164 520 1201 quo
540 1151 592 1189 ita
610 1150 825 1189 reflectatur
842 1159 886 1189 ut
903 1158 990 1199 post
1015 1150 1262 1188 reflexionem

224 1204 321 1243 radii
351 1204 434 1242 soni
457 1205 499 1241 in
527 1212 703 1242 centrum
725 1203 834 1242 aliud
860 1211 1116 1254 convergant;
1144 1215 1262 1241 sonus

224 1256 388 1295 reflexus
413 1265 598 1307 tanquam
616 1270 661 1296 ex
680 1259 752 1295 hoc
773 1256 942 1295 secundo
969 1264 1098 1295 centro
1123 1269 1261 1307 propa-

227 1322 341 1362 gatus
360 1311 550 1348 audietur.

279 1369 368 1401 323.
404 1366 522 1402 Corve.
547 1369 583 1401 3.
619 1363 735 1402 Unde
752 1363 784 1401 si
803 1362 898 1400 radii
915 1362 1040 1401 sonori
1060 1363 1149 1401 satis
1167 1363 1262 1401 den-

225 1415 258 1453 si
276 1416 325 1454 ad
343 1429 475 1454 aurern
489 1416 723 1465 appellentes
734 1425 771 1455 et
785 1416 867 1453 soni
882 1417 998 1454 unius
1009 1416 1262 1454 sensationem

225 1468 488 1518 producentes,
523 1472 570 1508 ab
597 1482 690 1508 aure
716 1471 756 1507 in
783 1470 930 1507 diversa
956 1477 1085 1508 centra
1103 1482 1260 1507 conver-

225 1530 344 1572 gant3
365 1522 473 1561 locus
491 1535 537 1560 ex
556 1535 635 1575 quo
651 1536 768 1562 sonus
785 1530 1031 1574 propagatur,
1063 1536 1143 1561 non
1161 1525 1259 1561 bene

226 1575 496 1627 distinguetur.

281 1647 371 1680 324.
425 1642 466 1681 si
502 1655 620 1680 sonus
656 1641 887 1690 producatur
923 1642 963 1679 in
1004 1644 1054 1688 A,
1093 1649 1132 1680 et

225 1694 365 1733 deinde
399 1697 448 1733 ab
478 1696 675 1733 obstaculo
706 1697 839 1745 quovis
873 1697 908 1733 B
941 1697 973 1733 C
1001 1695 1130 1733 reflec-

225 1755 329 1785 tatur
368 1755 550 1798 tanquam
596 1761 641 1786 ex
687 1755 817 1786 centro
854 1749 898 1786 H
944 1761 1129 1798 propaga-

225 1808 312 1848 tus;
358 1800 510 1839 auditor
554 1801 595 1838 in
635 1802 720 1839 loco
760 1802 798 1839 R
834 1814 972 1839 sonum
1008 1801 1128 1838 direc-

227 1862 312 1892 tum
339 1865 408 1903 per
439 1854 478 1892 A
502 1855 540 1892 R
560 1861 815 1905 propagatum
845 1854 1026 1902 percipiet
1052 1854 1127 1902 pri-

227 1906 362 1954 mum3
395 1906 536 1945 deinde
564 1920 703 1945 sonum
733 1906 918 1944 reflexum
949 1907 1055 1956 quasi
1080 1919 1126 1944 ex

229 1968 359 1998 centro
388 1960 434 1997 H
465 1961 743 2008 procedentem,
781 1968 982 2010 postquam
1017 1967 1126 1998 motu

227 2013 370 2051 directo
388 2014 554 2062 spatium
578 2016 611 2050 A
638 2014 683 2060 F,
704 2020 743 2051 et
759 2023 870 2051 motu
889 2012 1029 2050 reflexo
1042 2026 1127 2062 spa-

225 2065 325 2104 tium
356 2066 389 2104 F
412 2067 451 2104 R
479 2066 685 2115 descripsit,
715 2066 855 2104 audiet.
917 2066 1029 2103 Idem
1054 2067 1127 2116 igi-

225 2126 291 2157 tur
316 2131 433 2157 sonus
451 2118 627 2157 audietur
655 2121 722 2164 bis,
757 2117 872 2157 mods>
897 2126 1027 2157 tamen
1052 2120 1127 2156 dis·

226 2171 433 2210 tantiarum
457 2174 491 2210 A
514 2173 551 2210 R
571 2180 608 2210 et
632 2174 667 2210 A
687 2173 719 2210 F
735 2173 774 2211 R
793 2172 1005 2209 differentia
1023 2179 1128 2210 tanta

227 2225 277 2263 sit
294 2232 340 2263 ut
356 2238 472 2262 sonus
499 2225 664 2263 directus
683 2233 721 2263 et
739 2237 855 2262 sonus
881 2224 1045 2263 reflexus
1063 2238 1128 2262 eo-

226 2277 316 2315 dem
342 2277 508 2315 sensibili
539 2286 736 2316 momento
760 2290 948 2328 organum
976 2278 1130 2316 auditfis

227 2342 307 2369 non
338 2330 530 2377 afficiant3
563 2344 653 2368 nam
683 2332 714 2368 si
745 2344 861 2368 sonus
891 2330 1054 2369 reflexus
1080 2331 1130 2368 ad

228 2396 361 2421 aurem
398 2384 609 2432 perveniret
645 2397 691 2422 eo
723 2392 905 2432 tempore,
942 2397 1019 2434 quo
1046 2384 1130 2421 soni

227 2436 360 2474 directi
388 2437 585 2486 impressio
616 2437 740 2475 adhuc
768 2438 810 2474 in
834 2436 879 2474 ea
907 2445 1128 2486 perseverat,

228 2501 308 2527 non
325 2489 516 2540 geminuS,
545 2490 611 2527 sed
630 2490 814 2528 intensior
836 2489 987 2528 tantum
1013 2503 1131 2528 sonus

226 2543 435 2580 audiretur.
470 2542 591 2581 Porro
609 2541 841 2593 experienti&
859 2551 1007 2581 constat
1017 2555 1131 2582 sonos

228 2595 290 2632 vix
317 2608 427 2644 posse
457 2595 665 2647 distingui;
700 2597 732 2634 si
758 2596 887 2645 plures
916 2595 1034 2645 quam
1064 2602 1088 2636 9
1115 2595 1264 2634 circiter

229 2647 385 2698 syllabae
411 2657 581 2698 tempore
607 2649 749 2687 minuti
777 2651 893 2687 unius
920 2649 1079 2688 secundi
1112 2662 1262 2688 succes-

228 2699 306 2739 sive
340 2702 627 2750 producantur3
666 2710 704 2741 et
740 2701 828 2740 ideo
863 2716 912 2740 ne
947 2715 1064 2740 sonus
1099 2703 1263 2741 reflexus

229 2766 318 2791 cum
332 2755 475 2793 directo
494 2755 764 2800 confundatur,
794 2756 895 2793 inter
912 2768 1045 2793 eorum
1064 2756 1113 2793 ad
1128 2769 1262 2794 aurem

229 2806 411 2856 appulsus
428 2808 660 2847 intercedere
678 2815 827 2858 oportet
852 2816 999 2858 partem
1026 2822 1169 2847 nonam
1186 2809 1261 2847 rni-

229 2861 316 2897 nuti
334 2860 451 2898 unius
472 2861 642 2908 secundi,
663 2874 741 2913 quo
758 2870 929 2910 tempore
949 2874 1065 2899 sonus
1084 2863 1261 2901 describit

230 2913 395 2960 spatium
437 2918 509 2952 127
550 2915 695 2963 pedum
743 2914 1052 2954 Londinensium
1097 2915 1256 2953 circiter.

234 2966 324 3003 Hoc
349 2967 468 3017 igitur
494 2968 614 3017 spatio
641 2970 766 3006 minor
784 2981 864 3006 esse
881 2980 961 3005 non
979 2967 1092 3006 debet
1117 2969 1262 3007 distan-

230 3018 370 3056 tiarum
394 3020 431 3057 A
453 3020 491 3058 R
509 3028 547 3058 et
569 3021 607 3058 A
631 3022 663 3059 F
686 3023 724 3059 R
743 3021 968 3068 differentia,
997 3028 1043 3059 ut
1068 3034 1186 3060 sonus
1204 3035 1263 3060 re-

229 3069 351 3109 flexus
379 3072 554 3111 distincte
583 3075 724 3124 percipi
755 3075 873 3124 possit
899 3074 940 3111 in
971 3074 1023 3112 R.
1086 3074 1204 3119 Quod
1232 3075 1265 3114 si

229 3124 381 3162 auditor
398 3125 439 3162 in
462 3127 498 3163 A
519 3127 673 3171 locetur,
703 3129 770 3166 ubi
787 3140 904 3166 sonus
931 3126 1096 3167 directus
1119 3128 1262 3176 produ-

230 3177 341 3222 citur,
363 3185 400 3215 et
418 3179 583 3227 spatium
603 3185 627 3218 2
650 3182 687 3218 A
710 3181 747 3219 E
767 3180 874 3232 quod
891 3192 1006 3218 sonus
1024 3180 1201 3219 describit
1219 3188 1264 3220 ut

230 3229 281 3267 ad
300 3238 474 3268 centrum
499 3233 535 3269 A
555 3241 642 3281 post
659 3233 905 3273 reflexionem
923 3233 965 3271 in
986 3234 1023 3272 E
1042 3233 1185 3281 redeat,
1215 3235 1264 3272 sit

233 3286 306 3321 127
328 3283 471 3331 pedum
494 3285 811 3332 Londinensium,
833 3283 997 3337 ideoque
1019 3288 1058 3325 A
1081 3287 1117 3324 E
1138 3293 1189 3326 63
1205 3287 1264 3325 vel

231 3340 283 3373 64
311 3335 455 3384 pedum
483 3337 641 3384 circiter,
680 3340 866 3391 distingui
897 3340 1035 3388 poterit
1062 3353 1179 3378 sonus
1204 3353 1263 3378 re-

231 3388 353 3426 flexus
371 3403 393 3425 a
411 3388 565 3428 directo.
627 3393 666 3431 Si
694 3393 803 3443 plura
832 3392 908 3430 sint
934 3394 1129 3432 obstacula
1149 3394 1264 3445 justis

231 3441 440 3480 intervallis
458 3442 599 3490 dissita,
620 3445 661 3481 in
680 3459 766 3495 quae
785 3458 903 3484 sonus
921 3446 1063 3484 directe
1081 3446 1261 3493 offendat,

230 3494 263 3530 is
282 3495 389 3544 quasi
409 3508 455 3532 ex
477 3496 586 3533 variis
604 3497 697 3535 locis
712 3499 854 3547 pluries
866 3500 1050 3548 repetitus
1060 3500 1238 3537 audietur
1249 3514 1262 3546 ;

231 3555 277 3584 ut
305 3559 395 3584 cum
432 3549 697 3587 machinarum
728 3551 951 3590 bellicarum
986 3552 1177 3603 fragorem
1204 3552 1265 3590 vel

232 3599 376 3637 tonitru
396 3603 554 3639 boatum
583 3603 825 3654 circumjecta
851 3604 1012 3642 aedificia
1028 3605 1087 3643 vel
1108 3605 1263 3643 crassio-

232 3664 292 3690 res
318 3655 439 3691 nubes
466 3654 611 3703 pluries
638 3655 819 3694 referunt.
881 3658 989 3706 Saepe
1007 3659 1121 3696 etiam
1141 3660 1265 3697 obsta-

231 3705 319 3742 cula
337 3718 476 3744 sonum
496 3708 685 3747 directum
698 3716 862 3755 mutant,
883 3709 978 3747 dum
993 3710 1267 3749 vehementiori

231 3757 326 3794 a‘eris
340 3766 503 3798 tremore
515 3773 699 3800 concussa
714 3761 815 3802 varie
829 3770 1076 3802 contremunt
1089 3772 1127 3803 et
1140 3764 1265 3802 a'erem

231 3812 522 3858 repercutiendo
540 3814 736 3853 detonant-

1069 478 1250 530 Motus
1289 477 1427 529 enim
1467 478 1635 529 omnis
1677 478 1971 547 reciprocus
2021 481 2234 552 singulis
2272 502 2353 535 re-

1369 657 1458 692 325.
1484 654 1548 693 Ex
1563 653 1700 692 iisdem
1710 654 1904 704 principiis
1918 657 2095 705 explicari
2113 666 2237 708 potest
2248 662 2354 700 tubae

1315 707 1455 745 vocalis
1486 720 1554 745 seu
1580 709 1924 757 stentorophonicae
1950 710 2118 750 efficacia
2143 714 2192 751 ad
2219 727 2352 752 vocem

1312 759 1552 798 articulatam
1570 760 1611 797 in
1630 761 1715 799 loca
1727 761 1895 799 maxime
1906 762 2035 801 dissita
2049 767 2346 816 propagandam.

1316 814 1416 851 Sunt
1441 813 1665 864 hujusmodi
1689 817 1795 852 tubae
1821 816 2013 854 variarum
2031 817 2255 867 figurarum,
2284 820 2352 858 sed

1319 878 1452 904 omnes
1470 867 1560 904 satis
1576 875 1762 918 angustae,
1783 867 1962 919 oblongae
1976 877 2014 907 et
2025 870 2129 908 intus
2139 872 2347 921 perpolitae,

1318 932 1397 970 quo
1427 932 1545 957 sonus
1570 920 1613 957 in
1639 927 1786 959 arctum
1814 930 1967 959 coactus
1984 922 2026 959 in
2044 922 2158 961 latius
2183 926 2350 973 spatium

1320 985 1400 1011 sese
1418 972 1634 1011 diffundere
1652 981 1691 1011 et
1708 973 1847 1011 virium
1874 974 2148 1013 detrimentum
2166 978 2243 1025 pati
2263 992 2349 1027 pro-

1317 1025 1505 1071 hibeatur,
1533 1040 1578 1064 ac
1605 1026 1702 1064 radii
1728 1027 1856 1065 sonori
1881 1028 1924 1065 in
1951 1028 2241 1069 determinatam
2267 1032 2348 1079 pla-

1314 1092 1406 1129 gam
1424 1079 1668 1117 confertiores
1685 1079 1913 1130 dirigantur.
1966 1081 2189 1120 Fabrefiunt
2207 1097 2253 1121 ex
2268 1097 2350 1122 ma·

1314 1132 1409 1170 teria
1434 1133 1484 1170 ad
1511 1132 1809 1181 concipiendum
1840 1141 1991 1171 motum
2019 1136 2242 1183 tremulum,
2272 1150 2351 1187 quo

1304 1198 1433 1224 ¹sonus
1463 1185 1701 1234 producitur,
1733 1185 1835 1235 apta,
1868 1195 1914 1225 ut
1939 1200 2056 1225 sonus
2082 1189 2155 1226 hoc
2182 1190 2350 1238 partium

1313 1240 1418 1276 tubae
1435 1248 1474 1277 et
1492 1239 1587 1277 a‘e'ris
1604 1241 1652 1277 ab
1670 1239 1762 1287 ipsis
1780 1239 2097 1289 agitatistremulo
2117 1251 2226 1280 motu
2245 1243 2347 1280 mul-

1315 1292 1510 1340 tiplicatus
1536 1292 1725 1340 impetum
1742 1293 1926 1343 majorem
1945 1294 2114 1343 acquirat
2132 1302 2171 1333 et
2196 1295 2351 1345 lougius

1314 1337 1583 1406 progrediendi
1602 1345 1679 1382 vim
1698 1346 1846 1383 habeat.
1909 1346 2068 1394 Optima
2085 1349 2266 1385 tubarum
2285 1361 2351 1386 vo—

1314 1398 1456 1436 mirum
1475 1398 1613 1448 figura,
1634 1406 1788 1436 auctore
1806 1398 1895 1436 clar.
1915 1399 1942 1437 J
1944 1400 2005 1436 oh.
2028 1401 2196 1439 Matthia
2212 1402 2348 1446 Hasio,

1312 1450 1380 1488 illa
1411 1460 1597 1498 censetur,
1630 1464 1717 1501 quae
1745 1451 1789 1489 fit
1816 1464 1861 1489 ex
1889 1454 2135 1491 conversione
2163 1455 2351 1503 parabolae

1313 1504 1413 1544 circa
1430 1504 1550 1556 ipsius
1568 1517 1693 1551 axem,
1712 1504 1857 1543 orificio
1876 1505 2017 1557 exiguo
2036 1509 2148 1553 tubae,
2177 1508 2283 1558 quod
2309 1520 2351 1546 os

1314 2595 1505 2647 loquentis
1531 2597 1702 2648 suscipit,
1731 2597 1771 2635 in
1789 2598 1873 2648 ipso
1890 2598 1977 2637 foco
1995 2596 2184 2647 parabolae
2211 2595 2350 2635 consti-

1314 2656 1413 2687 tuto.
1473 2650 1564 2688 Hac
1582 2651 1686 2688 enim
1702 2650 1798 2689 tuba
1814 2652 1911 2690 radii
1928 2651 2067 2696 sonori,
2088 2651 2223 2688 saltem
2240 2662 2304 2686 ma
2333 2672 2350 2680 -

1315 2715 1406 2739 nam
1435 2712 1591 2753 partem,
1621 2703 1871 2743 reflectuntur
1897 2704 1945 2742 ad
1964 2716 2076 2741 axem
2103 2705 2205 2741 tubae
2227 2662 2349 2751 paraq-

1314 2755 1379 2793 leli
1409 2759 1519 2808 (194.
1545 2756 1633 2795 Lib.
1659 2758 1720 2795 II.
1753 2766 1791 2795 et
1813 2758 1953 2795 Theor.
1981 2756 2068 2795 ΙΙΙ.
2093 2756 2141 2793 dc
2164 2755 2350 2793 Parabola

1317 2809 1406 2848 Lib.
1432 2809 1503 2859 L).
1566 2810 1677 2848 Idem
1700 2810 1859 2855 Hasius,
1880 2823 1958 2860 quo
1969 2812 2102 2847 tubam
2122 2809 2348 2859 longiorem,

1313 2874 1393 2899 non
1411 2863 1576 2901 nimium
1603 2861 1717 2901 aucta.
1742 2863 2006 2912 amplitudine,
2035 2861 2179 2908 reddat,
2209 2863 2349 2899 tubum

1315 2915 1528 2964 ellipticum
1560 2916 1773 2967 oblongum
1804 2917 2020 2965 parabolico
2043 2915 2097 2952 ita
2125 2915 2269 2966 jungit,
2304 2920 2349 2950 ut

1315 2969 1471 3018 elliptici
1489 2969 1599 3007 focus
1625 2982 1730 3007 unus
1756 2969 1931 3008 concidat
1958 2981 2048 3007 cum
2075 2968 2163 3006 foco
2189 2968 2348 3015 parabo-

1316 3022 1392 3069 lici,
1413 3029 1451 3060 et
1468 3035 1511 3060 os
1528 3022 1719 3073 loquentis
1736 3022 1777 3060 in
1795 3023 1914 3060 altero
1929 3021 2084 3069 eliiptici
2103 3021 2189 3058 foco
2208 3018 2347 3057 consti-

1315 3083 1472 3122 tuatur3
1504 3074 1583 3125 qua
1610 3075 1756 3113 ratione
1782 3075 1827 3114 fit
1852 3083 1898 3113 ut
1923 3075 2019 3113 radii
2046 3073 2129 3111 soni
2156 3075 2203 3110 ab
2222 3084 2287 3110 ore
2305 3072 2346 3107 in

1315 3131 1410 3167 tubo
1428 3128 1595 3177 elliptico
1609 3128 1658 3166 ad
1671 3129 1803 3166 focum
1822 3127 2026 3178 parabolici
2045 3126 2181 3175 partim
2201 3124 2346 3169 directi,

1315 3182 1454 3231 partim
1471 3181 1601 3219 reflexi
1619 3181 1833 3232 dirigantur
1853 3185 1938 3234 (per
1954 3181 2094 3218 Theor.
2118 3179 2192 3216 lV.
2212 3178 2259 3215 de
2276 3177 2348 3215 El-

1316 3236 1436 3285 lipsi),
1466 3243 1504 3272 et
1533 3234 1673 3272 deinde
1702 3237 1743 3271 in
1774 3236 1869 3273 tubo
1897 3234 2124 3283 parabolico,
2158 3240 2203 3269 ut
2228 3228 2348 3278 mod&

1317 3289 1464 3327 dictum
1483 3295 1549 3332 est,
1579 3287 1881 3338 progrediantur.
1937 3287 2100 3324 Limbus
2127 3287 2243 3330 tubae,
2271 3295 2349 3333 qua

1316 3350 1424 3391 parte
1441 3341 1676 3390 amplissima
1693 3348 1761 3386 est,
1781 3339 1934 3391 quaque
1952 3352 2068 3377 sonus
2087 3337 2282 3379 emittitur.
2299 3334 2350 3372 ad

1315 3396 1482 3433 formam
1511 3394 1701 3433 labiorum
1728 3393 1986 3431 recurvandus
2013 3400 2081 3437 est,
2113 3402 2190 3440 quo
2220 3389 2350 3425 minus

1317 3448 1498 3486 effectum
1516 3449 1621 3486 tubae
1639 3449 1791 3485 turbare
1809 3446 1926 3496 possit
1943 3445 2038 3482 a'e’ris
2064 3442 2209 3481 externi
2227 3442 2267 3478 in
2285 3448 2349 3478 tu-

1317 3503 1408 3540 bam
1425 3500 1603 3539 irruentis
1620 3506 1760 3537 motus.
1822 3499 1923 3536 Haec
1955 3497 2083 3534 omnia
2111 3493 2197 3533 fuse
2223 3500 2261 3531 et
2286 3506 2349 3530 ac-

1319 3552 1449 3592 curate
1477 3553 1647 3602 exposita
1674 3552 1791 3597 vides,
1829 3551 1871 3588 in
1902 3551 1984 3599 ipsa
2011 3547 2156 3586 laudati
2186 3545 2350 3586 auctoris

1322 3607 1600 3646 Dissertatione
1647 3601 2108 3656 Physico-Mathematica
2142 3600 2192 3638 de
2229 3598 2351 3637 Tubis

1324 3659 1542 3698 Stentoreis.

1374 3715 1394 3737 ²*
1418 3712 1541 3751 Tubis
1558 3710 1757 3750 stentoreis
1775 3706 2075 3748 annumerandae
2102 3713 2191 3744 sunt
2218 3716 2351 3743 omnes

1319 3766 1423 3803 tubae
1448 3765 1631 3802 militares
1647 3771 1714 3802 aut
1732 3761 1936 3801 venatoriae
1953 3761 2031 3799 sive
2049 3767 2162 3797 rectae
2187 3759 2264 3795 sive
2290 3757 2350 3794 in-

1319 3830 1457 3864 curvae,
1492 3817 1657 3868 exiguus
1683 3816 1788 3864 enirn
1815 3815 1948 3854 sibilus
1965 3824 2081 3865 quem
2099 3811 2179 3850 edit
2196 3809 2350 3849 tubicen
