2502 4192
271 290 372 335 194
805 287 1372 340 PHILOSOPHIAE
1411 288 1864 342 NATURALIS
1962 291 2416 355 [Moneonpon.

272 426 367 478 Est
393 427 531 478 enim
557 428 738 480 eadem
764 430 895 481 ratio
920 430 1145 498 partium
1180 431 1436 500 majorum
1473 432 1761 501 systematis
1804 433 2070 504 utriusque
2108 445 2261 505 atque
2297 454 2417 503 par-

267 518 557 570 ticularum.

345 609 507 659 Corol.
535 614 585 658 2.
663 607 734 658 Et
783 606 973 658 similes
1022 616 1073 658 et
1121 607 1355 659 similiter
1401 608 1584 676 positae
1634 618 1967 679 systematum
2015 622 2187 679 partes
2231 600 2414 663 omnes

266 696 532 765 quiescant
554 695 690 747 inter
715 714 797 746 se:
839 705 890 746 et
914 714 1092 747 earum
1118 695 1252 759 duae,
1282 714 1399 766 quae
1425 696 1623 748 caeteris
1648 698 1868 765 majores
1895 698 2011 760 sint,
2040 710 2091 750 et
2115 700 2213 751 sibi
2233 712 2414 750 mutuo

265 785 320 835 in
360 794 579 853 utroque
630 794 905 853 systemate
955 784 1408 852 correspondeant,
1462 785 1749 836 secundum
1790 785 1953 838 lineas
2004 786 2235 839 similiter
2287 788 2412 840 sitas

267 872 419 923 simili
445 891 562 923 cum
589 883 734 923 motu
759 882 1039 941 utcumque
1064 874 1260 924 moveri
1284 872 1561 942 incipiantz'
1599 874 1684 925 hae
1711 875 1982 926 similesin
2008 877 2216 947 reliquis
2252 889 2412 948 syste-

264 973 461 1013 matum
486 961 721 1029 partibus
749 962 1050 1013 excitabunt
1073 972 1261 1025 motus,
1290 972 1342 1013 et
1365 972 1586 1033 pergent
1609 963 1745 1014 inter
1769 963 1915 1031 ipsas
1933 965 2260 1032 tem-poribus
2288 985 2412 1034 pro-

265 1049 639 1119 portionalibus
667 1050 900 1101 similiter
936 1051 1160 1112 moveri3
1202 1061 1355 1121 atque
1393 1050 1512 1103 ideo
1549 1051 1713 1120 spatia
1750 1051 2011 1104 diametris
2050 1053 2153 1104 suis
2190 1072 2412 1124 propor-

267 1143 477 1196 tionalia
503 1143 810 1195 describere.

533 1356 1006 1410 PROPOSITIO
1046 1357 1332 1421 XXXIII.
1408 1357 1863 1412 THEOREMA
1901 1357 2149 1411 XXVII.

260 1502 446 1555 Iisdem
477 1502 680 1568 positis,
722 1503 834 1552 dico
870 1502 1002 1569 quod
1035 1509 1345 1571 systematum
1360 1510 1541 1569 partes
1566 1501 1773 1570 majores
1795 1504 2094 1554 resistuntur
2120 1504 2175 1553 in
2214 1504 2414 1554 ratione

334 1592 601 1659 composita
635 1611 695 1643 eoe
728 1592 988 1658 duplicatd
1024 1595 1225 1644 ratione
1268 1595 1591 1645 velocitatum-
1622 1612 1820 1645 suarum
1845 1602 1893 1645 et
1918 1594 2177 1662 duplicatd
2213 1597 2413 1646 ratione

332 1685 686 1734 diametrorum
712 1692 759 1735 et
782 1685 983 1734 ratione
1008 1685 1273 1735 densitatis
1287 1685 1514 1750 partium
1543 1692 1868 1753 systematum.

334 1844 473 1896 Nam
516 1843 805 1895 resistentia
844 1844 1009 1896 oritur
1051 1844 1240 1912 partim
1283 1863 1350 1896 ex
1389 1845 1583 1896 viribus
1628 1845 1925 1913 centripetis
1975 1846 2057 1897 vel
2110 1842 2412 1916 centrifugis

260 1934 446 2005 quibus
471 1933 741 2002 particulae
778 1944 1117 2004 systematum
1155 1953 1209 1986 se
1244 1944 1426 1986 mutuo
1464 1934 1677 2005 agitant,
1716 1935 1907 2003 partim
1933 1952 2002 1986 ex
2028 1934 2323 1986 occursibus
2362 1943 2414 1985 et

258 2020 625 2075 reflexionibus
661 2023 1030 2091 particularum
1071 2033 1124 2075 et
1159 2024 1385 2093 partium
1412 2025 1683 2093 majorum.
1762 2025 1959 2077 Prioris
1996 2034 2168 2081 autem
2204 2024 2410 2096 generis

257 2111 562 2163 resistentiae
606 2121 724 2162 sunt
764 2111 829 2162 ad
874 2111 1092 2163 invice-m
1131 2123 1189 2163 ut
1232 2113 1365 2164 vires
1409 2123 1532 2164 totae
1575 2113 1817 2165 motrices
1858 2133 1890 2165 a
1927 2114 2118 2184 quibus
2154 2116 2409 2176 oriuntur,

260 2201 323 2271 (Ζ)
353 2201 407 2251 id
433 2210 526 2263 est,
567 2210 627 2251 ut
651 2201 784 2252 vires
809 2212 933 2252 totae
959 2201 1343 2254 acceleratrices
1382 2212 1434 2253 et
1471 2203 1782 2272 quantitates
1820 2203 2050 2254 materiae
2087 2203 2142 2253 in
2177 2202 2411 2271 partibus

259 2289 812 2357 correspondentibus;
867 2290 970 2342 hoc
1013 2302 1091 2343 est
1133 2296 1248 2361 (per
1290 2292 1646 2362 Hypothesin)
1688 2304 1747 2345 ut
1789 2293 2040 2364 quadrata
2081 2293 2411 2345 velocitatum

258 2377 453 2429 directe
480 2387 532 2429 et
556 2378 813 2431 distantiae
837 2381 1212 2449 partiCularum
1248 2382 1766 2450 correspondentium
1792 2381 1994 2434 inverse
2020 2394 2072 2434 et
2098 2383 2410 2452 quantitates

258 2467 488 2518 materIae
524 2459 856 2535 inpartibus
900 2470 1425 2538 correspondentibus
1466 2470 1687 2522 directe:
1739 2470 1960 2541 ideoque
1998 2490 2115 2522 cum
2152 2471 2411 2523 distantiae

258 2558 628 2626 particularum
666 2561 1132 2630 systematis‘unius
1159 2561 1262 2613 sint
1286 2561 1354 2612 ad
1379 2562 1646 2613 distantias
1685 2561 2149 2630 correspondentes
2186 2562 2411 2630 particU«

257 2646 424 2698 larum
462 2647 686 2710 alterius,
733 2659 792 2700 ut
828 2648 1080 2701 diameter
1112 2650 1381 2718 particulae
1418 2650 1501 2701 vel
1537 2650 1697 2719 partis
1734 2652 1790 2700 in
1828 2660 2101 2720 systemate
2131 2650 2305 2718 priore
2342 2649 2411 2701 ad

258 2737 565 2788 diametrum
590 2737 859 2805 particulae
883 2738 966 2789 vel
984 2739 1145 2807 partis
1172 2738 1624 2808 correspondentis
1650 2738 1703 2788 in
1730 2738 1908 2801 altero,
1940 2738 2001 2807 (a)
2020 2747 2071 2788 et
2097 2738 2408 2807 quantitates

258 2828 486 2880 materiae
512 2828 614 2879 sint
638 2838 696 2879 ut
720 2827 1000 2879 densitates
1025 2829 1251 2897 partium
1277 2839 1329 2881 et
1354 2829 1474 2880 cubi
1511 2816 1910 2889 diametrorum3
1948 2827 2254 2879 resistentiae
2290 2839 2408 2881 sunt

258 2919 325 2970 ad
350 2921 568 2972 invicem
592 2930 650 2971 ut
675 2920 926 2990 quadrata
949 2920 1279 2972 velocitatum
1306 2931 1356 2973 et
1381 2920 1633 2991 quadrata
1658 2920 2028 2971 diametrorum
2054 2928 2105 2970 et
2129 2918 2406 2971 densitates

257 3010 483 3078 partium
520 3019 869 3081 systematum.

948 3010 1018 3072 Q.
1046 3029 1090 3063 e.
1119 3010 1172 3062 d.
1252 3011 1316 3081 (b)

315 3169 374 3221 (²·)
393 3173 413 3195 ⁸¹
433 3172 482 3209 Id
494 3179 559 3217 est,
578 3178 622 3210 ut
635 3173 728 3210 vires
741 3179 828 3210 totoe
841 3172 1117 3210 acceleratrices
1128 3179 1164 3210 et
1179 3185 1305 3222 quan·

260 3225 384 3262 titates
402 3227 573 3262 materiae
595 3226 681 3275 (per
703 3224 796 3262 Def.
821 3229 857 3261 8.
884 3225 972 3262 Lib.
1000 3223 1072 3272 L).

314 3276 418 3327 (³)*
441 3279 498 3315 Et
514 3280 748 3334 quantitates
767 3280 938 3316 materiae
951 3279 1041 3324 sim,
1062 3278 1133 3315 διο.
1170 3277 1307 3321 Quan-

258 3328 386 3367 titates
417 3330 587 3367 materiae
618 3338 710 3368 sunt
740 3337 785 3368 ut
811 3330 1018 3368 densitates
1045 3339 1084 3368 et
1110 3330 1310 3367 volumina

258 3382 428 3431 partium
448 3382 686 3432 conjunctim
708 3385 763 3434 (2.
790 3383 879 3421 Lib.
906 3383 979 3433 L),
1010 3390 1048 3420 et
1066 3385 1117 3421 ob
1134 3383 1305 3432 partium

259 3434 569 3481 similitudinem,
604 3435 804 3474 volumina
830 3443 922 3473 sunt
950 3444 994 3474 ut
1022 3436 1114 3474 cubi
1142 3436 1307 3474 laterum

258 3488 568 3537 homologorum,
597 3501 666 3525 seu
684 3488 971 3535 diametrorum,
1002 3488 1165 3539 ideoque
1184 3501 1307 3539 quan-

258 3542 386 3579 titates
404 3540 577 3578 materiae
596 3549 688 3579 sunt
700 3549 745 3579 ut
763 3542 969 3580 densitates
987 3542 1156 3591 partium
1167 3549 1206 3580 et
1217 3542 1307 3579 cubi

259 3594 549 3632 diametrorum.

304 3648 361 3699 (b)
378 3651 398 3672 ⁴
419 3648 636 3686 Posteriomts
648 3649 796 3696 generis
807 3650 1035 3693 nascentiae,
1046 3648 1116 3686 διο.
1151 3648 1191 3686 Si
1204 3647 1309 3685 enim

256 3700 358 3738 vires
375 3699 628 3738 reflexionum
657 3708 925 3748 supponantur
938 3700 1116 3751 aequales,
1129 3701 1306 3739 resisten-

257 3753 325 3790 tiae
344 3761 437 3791 sunt
454 3761 499 3791 ut
518 3753 670 3790 numeri
690 3751 945 3790 reflexionum
963 3766 1032 3791 seu
1051 3765 1304 3799 occursuum3

257 3812 298 3843 et
323 3806 356 3843 si
386 3807 539 3844 numeri
558 3805 814 3843 reflexionum
841 3815 1054 3856 aequentur,
1083 3805 1308 3845 resistentiae

258 3868 350 3897 sunt
386 3867 432 3898 ut
468 3859 566 3898 vires
602 3858 857 3898 reflexionum
893 3858 1307 3908 correspondentium3

1360 3011 1667 3065 Posterioris
1704 3010 1909 3082 generis
1945 3009 2250 3076 resistentiae
2288 3018 2408 3061 sunt

1361 3168 1477 3215 unde,
1498 3169 1714 3220 conjunctis
1740 3167 1800 3206 his
1826 3168 2050 3212 rationibus,
2078 3166 2302 3205 resistentiae
2319 3179 2406 3217 quae

1361 3235 1408 3260 ex
1427 3222 1703 3271 particularum
1722 3230 1760 3259 et
1777 3222 1945 3269 partium
1964 3220 2157 3270 majorum
2184 3219 2406 3258 occursibus

1361 3283 1401 3314 et
1431 3275 1702 3313 reflexionibus
1732 3275 1923 3320 oriuntur,
1962 3281 2053 3311 sunt
2088 3285 2239 3322 semper
2270 3280 2315 3311 ut
2345 3284 2405 3309 re-

1362 3328 1574 3366 flexionum
1592 3326 1973 3376 correspondentiam
1988 3325 2141 3368 numeri
2156 3333 2194 3363 et
2204 3325 2301 3363 vires
2312 3336 2406 3363 con-

1354 3382 1536 3432 junctim.
1598 3380 1767 3420 Numeri
1799 3387 1931 3417 autem
1962 3378 2229 3425 reflexionum‚
2259 3377 2406 3416 caeteris

1359 3435 1526 3483 paribus,
1561 3441 1650 3472 sunt
1680 3434 1729 3472 ad
1756 3432 1921 3480 invicem
1939 3440 1984 3470 ut
1998 3432 2216 3469 velocitates
2235 3430 2402 3480 partium

1361 3486 1740 3536 correspondentium
1778 3477 1932 3531 directe,
1970 3491 2020 3530 et,
2059 3484 2204 3522 caeteris
2234 3482 2404 3532 paribus,

1361 3548 1453 3579 sunt
1471 3538 1620 3577 inverse
1637 3547 1683 3577 ut
1701 3539 1823 3588 spatia
1841 3539 1942 3576 inter
1960 3536 2233 3587 particularum
2262 3543 2300 3574 et
2317 3547 2405 3584 par-

1361 3593 1461 3631 tium
1486 3592 1868 3641 correspondentium
1894 3602 2076 3628 occursus
2093 3601 2161 3626 seu
2180 3588 2405 3626 reflexiones

1362 3646 1583 3694 intercepta,
1613 3645 1654 3683 id
1673 3653 1742 3690 est,
1768 3643 1916 3682 inverse
1934 3651 1978 3681 ut
1995 3641 2163 3691 partium
2182 3651 2404 3690 correspon-

1359 3699 1537 3738 dentium
1569 3698 1756 3743 diametri,
1791 3695 1955 3746 ide6que
1980 3697 2133 3734 numeri
2160 3696 2405 3747 rcffleaiomcm

1360 3760 1452 3791 sunt
1469 3756 1520 3790 ad
1539 3754 1701 3791 invicem
1720 3758 1765 3790 ut
1783 3752 1989 3789 velocitates
2001 3750 2173 3798 partium
2188 3760 2406 3810 correspon-

1362 3807 1538 3847 dentium
1561 3804 1696 3843 direct&
1729 3811 1768 3842 et
1794 3801 2017 3841 earumdem
2045 3799 2251 3838 diametri
2240 3811 2399 3836 inverse.

1363 3861 1420 3899 Et
1448 3861 1541 3898 vires
1567 3859 1815 3909 resia-:tionum
1833 3862 1926 3895 sunt
1950 3861 1995 3895 ut
2022 3853 2151 3892 motus
2177 3853 2407 3904 quantitates
