2502 4192
70 3330 79 3336 ι
114 3308 259 3347 festum
282 3317 339 3347 est
366 3316 538 3358 tempore
566 3309 720 3348 infinito
757 3309 911 3348 finitum
942 3311 1110 3360 spatium

65 3382 67 3384 ·
118 3362 157 3400 A
181 3362 213 3400 C
232 3360 406 3400 describi.

0 3788 31 4054 W
0 3176 27 3760 *VW0‘295‘5522·W7141
0 3104 15 3159 ³³5¹*
0 3022 5 3035 ⁰
0 2951 9 2974 ”’

82 3908 90 3917 ,

137 288 319 339 LIBER
346 284 618 344 SECUND.]
719 274 1113 329 PRINCIPIA
1157 266 1770 323 MATHEMATICA.
2208 269 2273 317 15

129 449 224 501 per
262 430 451 480 lineam
493 422 724 495 quamvis
750 420 924 471 datam
951 419 1001 469 A
1032 417 1092 479 C,
1140 415 1314 483 elapso
1352 431 1442 464 au-

131 532 236 573 tem
278 529 509 586 tempore
549 515 722 583 aliquo
763 530 858 580 per
894 510 1084 561 lineam
1121 506 1442 558 indefinitam

132 610 188 664 D
236 611 309 662 C:
373 607 564 677 exponi
612 612 784 673 potest
850 611 1054 669 tempus
1107 616 1202 667 per
1270 614 1443 648 aream

131 703 182 753 A
201 702 247 753 B
276 701 329 753 G
354 701 427 763 D,
461 708 512 750 et
537 697 757 766 spatium
784 712 846 745 eo
871 702 1105 759 tempore
1129 688 1443 755 descriptum

127 809 223 860 per
241 791 430 842 lineam
457 789 508 840 A
524 789 596 841 D.
650 784 705 855 (f)
725 785 863 836 Nam
890 783 932 834 si
957 800 1077 833 area
1100 780 1196 831 illa*
1213 798 1308 849 per
1331 797 1442 829 mo-
1547 810 1591 854 B

128 893 240 935 tum
263 883 443 951 puncti
460 881 513 932 D
540 887 789 950 augeatur
807 873 1131 926 uniformiter
1146 872 1212 924 ad
1227 871 1443 922 modum

128 972 392 1041 temporiS‚
421 970 681 1022 decrescet
704 975 844 1018 recta
869 965 924 1017 D
955 965 998 1015 C
1024 963 1079 1015 in
1103 963 1303 1014 ratione
1318 981 1442 1033 geo-
1546 998 1606 1041 Α
1908 999 1956 1040 D
2180 996 2222 1043 C

129 1060 342 1114 metrice
368 1060 435 1111 ad
472 1058 686 1111 modum
729 1054 1028 1115 velocitatiS‚
1073 1062 1124 1104 et
1165 1052 1228 1121 (g)
1270 1061 1442 1121 partes

128 1158 284 1200 rectae
315 1147 366 1198 A
394 1146 439 1197 C
476 1142 761 1214 aequalibus
788 1139 1108 1208 temporibus
1125 1138 1398 1205 descriptae
1423 1137 1726 1190 decrescent
1750 1138 1803 1190 in
1829 1136 2012 1190 effidem
2048 1136 2268 1188 ratione.

2211 472 2260 515 H

594 1320 1062 1377 PROPOSITIO
1102 1319 1207 1372 III.
1287 1318 1722 1372 PROBLEMA
1762 1319 1805 1371 Ι.

131 1470 380 1537 Corporis,
403 1469 497 1528 cui,
517 1467 628 1516 dum
656 1466 711 1514 in
743 1464 905 1513 medio
929 1461 1148 1511 similari
1170 1458 1310 1511 recta?
1325 1463 1547 1512 ascendit
1567 1464 1642 1512 vel
1656 1463 1919 1523 descendit,
1938 1461 2187 1512 resistitur
2212 1461 2267 1511 in

193 1560 393 1610 ratione
407 1554 693 1615 velocitatis,
713 1553 934 1620 quodque
948 1550 1012 1599 ab
1027 1549 1265 1617 ung'formi
1274 1550 1531 1617 gravitate
1546 1557 1764 1618 urgetur,
1778 1550 1984 1600 defnire
1999 1558 2192 1601 motum.

198 1702 431 1771 Corpore
443 1698 768 1759 ascendente,
782 1712 873 1747 ex-

122 1802 349 1862 ponatur
383 1790 607 1862 gravitas
644 1805 739 1856 per
781 1785 875 1836 da-

122 1893 233 1934 tum
260 1881 474 1952 quodvis
511 1877 870 1948 rectangulum

126 1971 172 2023 B
200 1972 251 2023 A
287 1971 334 2022 C
374 1970 452 2033 H,
495 1978 547 2021 et
582 1964 872 2019 resistentia

121 2060 279 2113 medii
317 2060 465 2112 initio
503 2075 742 2110 ascensus
775 2073 872 2123 per

120 2150 479 2222 rectangulum
531 2150 578 2201 B
619 2148 671 2200 A
720 2148 775 2199 D
823 2146 871 2198 E

121 2251 384 2310 sumptum
452 2240 519 2291 ad
586 2237 868 2290 contrarias

118 2341 291 2401 partes
307 2339 463 2383 rectae
484 2330 610 2382 AB.
639 2329 867 2397 Asymp-
919 2369 978 2413 G

120 2422 238 2473 totis
254 2419 566 2491 rectangulis
588 2419 706 2480 AC,
729 2418 773 2468 C
786 2418 864 2481 H,

121 2530 217 2580 per
240 2519 493 2580 punctum
532 2509 580 2561 B
624 2508 884 2561 describe.-
949 2514 996 2556 Ξ)
1133 2519 1176 2568 ἆ
1410 2518 1472 2565 A
1705 2517 1738 2559 Ι
1907 2516 1933 2562 j

174 2673 223 2727 (f)
253 2676 274 2699 *
306 2676 415 2713 Nam
433 2676 572 2713 storea
601 2677 664 2714 illa
687 2689 755 2725 pev-
783 2683 929 2715 motum
948 2678 1086 2726 puncti
1113 2679 1156 2715 D
1216 2677 1254 2714 A
1274 2676 1333 2715 E:
1356 2677 1382 2715 P
1413 2677 1527 2715 K=
1545 2678 1583 2715 E
1606 2677 1648 2715 K
1669 2693 1678 2716 ε
1704 2677 1744 2715 Κ
1768 2678 1879 2715 D=
1897 2678 1928 2715 C
1948 2677 1985 2715 A
2004 2693 2013 2716 ε
2036 2677 2069 2715 C
2087 2677 2138 2715 E.
2174 2677 2258 2715 De-

115 2726 193 2765 sive
212 2726 395 2765 ordinatae
417 2727 456 2764 D
481 2728 517 2765 G
540 2735 725 2777 augeatur
742 2729 983 2780 unjfhrmiter
1008 2729 1059 2767 ad
1076 2744 1153 2768 mo-
1211 2738 1388 2768 crescunt
1415 2744 1508 2781 ergo
1534 2738 1660 2779 partes
1678 2739 1792 2768 rectae
1816 2732 1853 2768 A
1879 2731 1911 2769 C
1929 2731 1969 2767 in
1989 2730 2136 2768 ratione
2154 2730 2258 2767 velo-

115 2782 210 2818 dum
236 2782 420 2830 temporis,
450 2781 702 2829 exhibeatque
720 2780 881 2829 proinde
898 2789 1062 2830 tempuS‚
1090 2785 1155 2821 de·
1208 2783 1345 2822 citatis.
1408 2783 1620 2833 Exponent
1649 2784 1769 2835 igitur
1804 2792 1919 2822 rectae
1959 2784 1996 2821 A
2033 2783 2083 2830 E,
2126 2782 2163 2821 E
2198 2782 2256 2828 K,

116 2840 250 2872 crescet
268 2840 370 2871 recta
389 2835 433 2871 D
455 2836 496 2878 C,
516 2836 558 2872 in
576 2836 720 2872 ratione
742 2834 964 2883 geometrica
989 2838 1098 2885 (380.

117 2885 205 2923 Lib.
233 2885 290 2934 Ι.)
309 2888 361 2923 ad
377 2889 532 2924 modum
552 2888 759 2932 velocitatis,
777 2894 814 2924 et
828 2885 916 2924 ide&
929 2886 1108 2925 velocita-

116 2945 193 2975 tem
206 2938 344 2987 poterit
356 2951 546 2987 exponere
559 2941 644 2989 (per
662 2940 747 2977 Cas.
766 2943 796 2977 l.
816 2938 956 2989 Dem.)
970 2947 1008 2977 et
1018 2941 1110 2990 quia

116 2998 219 3029 recta
240 2992 278 3028 A
302 2992 335 3030 C
355 2991 512 3040 exponit
529 2991 768 3030 velocitatem
787 2992 870 3041 ipso
888 2992 1016 3034 motfis
1034 2994 1108 3030 ini-

114 3044 180 3089 tio,
201 3052 239 3082 et
262 3044 301 3082 D
324 3044 369 3089 C,
399 3044 638 3082 velocitatem
652 3044 843 3083 residuam
862 3045 991 3095 elapso
1009 3053 1108 3084 tem-

116 3109 209 3146 pore
230 3098 268 3135 A
289 3096 323 3135 13
347 3098 384 3136 G
408 3097 448 3135 D
482 3097 553 3135 erit
574 3099 613 3135 A
635 3098 676 3135 D
695 3105 740 3135 ut
757 3098 937 3136 velocitas
954 3099 1105 3145 amissa,

115 3157 227 3200 atque
246 3148 332 3188 ideo
358 3158 400 3187 ut
424 3150 591 3198 spatium
618 3150 851 3200 descriptum
879 3159 965 3203 (per
986 3152 1103 3201 Prop.

117 3203 152 3240 Ι.
174 3202 321 3256 hujus).
384 3203 490 3248 Quia
505 3200 595 3242 vero
619 3203 925 3242 coincidentibus
955 3206 1110 3254 punctis

120 3255 162 3294 D
180 3263 219 3294 et
241 3256 286 3302 C,
306 3268 394 3294 area
414 3257 452 3294 A
469 3256 505 3294 B
526 3257 563 3295 G
586 3257 627 3294 D
646 3256 798 3294 infinita
815 3257 954 3304 evadit,
982 3258 1108 3297 mani-

170 3414 227 3467 (Β)
258 3417 279 3439 ⁸*
313 3417 364 3454 Et
389 3423 521 3465 partes
547 3424 657 3455 rectae
682 3418 722 3456 A
738 3419 772 3457 C'
792 3420 1000 3470 aequalibus
1017 3425 1109 3457 tem·

112 3469 266 3519 poribus
292 3470 484 3519 descriptae
509 3472 717 3508 decrescent
735 3472 776 3509 in
794 3470 925 3510 eti-dem
951 3474 1107 3518 ratione,
1751 3511 1762 3518 .
1846 3513 1859 3522 ,.

117 3522 187 3558 διο.
249 3521 351 3559 Nam
370 3521 401 3558 si
419 3534 509 3559 area
537 3522 577 3559 A
600 3523 636 3560 B
655 3522 694 3561 G
716 3523 757 3560 D
783 3523 908 3562 ductis
926 3524 1111 3565 ordinatis
1381 3513 1442 3556 A
1566 3512 1613 3555 E
1722 3511 1776 3554 k
1857 3512 1902 3555 D
2164 3509 2205 3556 C

121 3573 156 3612 F
185 3573 237 3619 E,
273 3573 309 3611 L
345 3574 386 3612 K
417 3574 459 3611 in
490 3581 617 3623 partes
648 3575 814 3624 aequales
856 3578 892 3614 A
924 3577 960 3615 B
995 3577 1028 3615 F
1057 3577 1108 3626 Ε,

121 3626 160 3664 Ε
183 3626 273 3664 FL
294 3626 349 3671 K,
385 3627 426 3664 K
460 3627 494 3665 L
526 3628 564 3666 G
586 3628 628 3665 D
655 3627 776 3665 divisa
806 3629 867 3675 sit,
897 3637 1011 3667 erunt
1041 3629 1157 3670 lineae
1214 3628 1257 3667 K
1291 3629 1346 3675 D,
1386 3628 1474 3674 δια,
1516 3627 1639 3675 spatia
1673 3626 1911 3676 temporibus
1959 3626 2001 3665 A
2043 3626 2079 3664 B
2125 3625 2159 3663 F
2202 3625 2253 3673 E,

122 3679 156 3717 C
179 3679 229 3723 A,
254 3679 286 3718 C
317 3680 367 3724 E,
397 3680 429 3717 C
461 3679 516 3726 K,
555 3680 651 3718 OD
691 3680 733 3717 in
764 3682 1026 3732 progressione
1065 3695 1158 3733 geo-
1215 3683 1251 3719 E
1276 3682 1309 3719 F
1330 3679 1365 3719 L
1384 3681 1439 3726 K,
1473 3679 1512 3719 Κ
1539 3680 1572 3718 L
1596 3681 1633 3718 G
1652 3681 1707 3725 D,
1741 3680 1941 3727 descripta,
1976 3686 2014 3716 et
2045 3686 2124 3716 tota
2153 3686 2256 3716 recta

119 3731 277 3770 metrica
298 3730 536 3771 decrescente
556 3736 664 3782 (580.
691 3733 777 3771 Lib.
804 3734 858 3782 1.)
887 3735 960 3772 hoc
979 3743 1035 3773 est
1057 3737 1089 3775 C
1113 3736 1152 3772 A
1212 3736 1247 3771 A
1274 3735 1315 3771 D
1347 3733 1514 3783 spatium
1542 3741 1623 3772 toto
1642 3741 1814 3782 tempore
1844 3733 1883 3770 A
1907 3733 1941 3770 B
1967 3733 2005 3770 G
2028 3732 2068 3769 D
2088 3731 2254 3781 descrip-

119 3784 1153 3835 2.CE=CE:CK=CK:CD,etdividendo
1208 3796 1303 3825 tum.
1985 3812 2027 3851 .
