2502 4192
258 279 360 324 810
798 265 1365 322 PHILOSOPHIAE
1405 237 1858 320 NATURALIS
1945 265 2123 334 [Mor.
2144 267 2393 320 emon.

1190 482 1451 535 Scholium.

324 627 389 679 In
415 627 493 679 his
518 626 757 678 omnibus
783 643 1021 695 suppono
1046 623 1264 676 fluidum
1290 641 1357 676 ex
1381 623 1594 676 materia
1623 623 1796 694 quoad
1820 622 2126 677 densitatem
2151 633 2201 677 et
2219 624 2390 679 fluidi-

252 727 407 769 tatem
434 716 676 768 uniformi
701 727 951 768 constare.
1028 715 1160 767 Tale
1187 725 1265 766 est
1288 714 1343 765 in
1369 733 1472 784 quo
1497 715 1683 786 globus
1711 714 1849 766 idem
1874 714 2057 767 eodem
2082 733 2199 767 cum
2223 726 2386 779 motu,

248 806 303 856 in
329 806 510 857 eodem
535 804 782 873 temporis
806 803 1093 866 intervaHO,
1120 813 1290 855 motus
1318 802 1507 855 similes
1534 812 1585 854 et
1618 802 1860 873 aequales,
1901 802 1968 853 ad
2004 804 2227 872 aequales
2255 823 2388 856 sem-

247 911 343 962 per
368 912 398 944 a
423 912 476 944 se
500 892 783 956 distantias,
810 891 977 943 ubivis
1003 892 1056 941 in
1080 890 1243 942 fluido
1280 891 1604 955 constitutus,
1643 909 1935 963 propagare
1959 891 2137 959 possit.
2213 892 2388 946 ,Cona-

248 994 332 1035 tur
357 984 566 1053 quidem
592 983 807 1035 materia
831 1001 925 1052 per
950 993 1148 1034 motum
1175 1001 1324 1034 suum
1352 982 1657 1034 circularem
1682 982 1925 1034 recedere
1949 983 2014 1033 ab
2040 1000 2138 1034 axe
2163 983 2383 1048 vorticis,

249 1084 300 1125 et
323 1083 598 1142 propterea
622 1073 810 1142 premit
845 1073 1111 1125 materiam
1149 1091 1355 1125 omnem
1396 1073 1707 1125 ulteriorem.
1785 1074 1870 1126 Ex
1893 1073 1991 1126 hac
2026 1074 2291 1143 pressione
2327 1075 2387 1126 fit

246 1163 447 1215 attritus
488 1164 712 1231 partium
751 1162 932 1214 fortior
957 1173 1009 1215 et
1035 1162 1394 1230 separatiox-ab
1429 1162 1649 1214 invicem
1686 1161 1968 1226 difficilior3
2011 1173 2062 1215 et
2085 1182 2179 1233 per
2204 1182 2384 1216 conse-

248 1270 410 1322 quens
437 1251 740 1303 diminuitur
763 1251 995 1303 materiae
1019 1251 1262 1303 fluiditas.
1342 1251 1545 1302 Rursus
1584 1251 1625 1302 si
1662 1261 1834 1320 partes
1869 1251 2017 1303 fluidi
2054 1261 2173 1303 sunt
2198 1252 2384 1304 alicubi

247 1343 521 1394 crassiores
548 1361 637 1395 seu
662 1343 899 1413 majores,
928 1342 1152 1394 fluiditas
1178 1342 1250 1394 ibi
1274 1341 1444 1394 minor
1470 1343 1582 1405 erit,
1621 1343 1689 1394 ob
1713 1344 1981 1412 pauciores
2008 1343 2304 1412 superficies
2328 1344 2384 1395 in

247 1431 432 1500 quibus
457 1441 628 1499 partes
665 1440 965 1500 separentur
985 1431 1050 1482 ab
1075 1431 1309 1482 invicem.
1386 1431 1452 1482 In
1487 1431 1782 1500 hujusmodi
1820 1432 2019 1483 casibus
2058 1432 2382 1484 deficientem

244 1520 550 1572 fluiditatem
575 1520 655 1572 vel
678 1520 968 1572 lubricitate
1005 1520 1230 1589 partium
1255 1519 1337 1571 vel
1361 1519 1560 1571 lentore
1586 1519 1749 1572 aliave
1775 1520 1943 1591 aliqua
1970 1521 2264 1574 conditione
2300 1541 2381 1574 re-

247 1609 388 1661 stitui
413 1626 667 1678 supponO.
746 1609 870 1661 Hoc
894 1608 994 1659 nisi
1019 1608 1126 1671 fiat,
1154 1608 1368 1659 materia
1391 1608 1483 1659 ubi
1507 1608 1676 1659 minus
1702 1609 1860 1660 fluida
1898 1618 1974 1661 est
2010 1611 2172 1681 magis
2210 1610 2380 1662 cohae-

245 1699 380 1750 rebit
403 1709 455 1750 et
480 1698 687 1770 segnior
713 1698 825 1761 erit,
852 1698 1074 1768 ideoque
1098 1706 1297 1749 motum
1321 1696 1517 1748 tardius
1543 1696 1756 1764 recipiet
1793 1696 1857 1766 (⁶¹)
1885 1706 1936 1749 et
1960 1697 2163 1769 longius
2188 1716 2379 1766 propa-

244 1789 389 1860 gabit
426 1786 581 1858 quam
618 1806 716 1858 pro
758 1788 957 1840 ratione
997 1788 1232 1858 superius
1275 1786 1550 1858 assignata.
1627 1788 1687 1856 (e)
1719 1788 1775 1840 Si
1799 1787 1969 1858 figura
2004 1789 2137 1841 vasis
2170 1807 2277 1840 non
2314 1789 2379 1843 sit

300 1935 354 1987 (ἃ)
376 1938 398 1961 *
420 1937 475 1975 Et
493 1936 644 1986 longius
663 1937 883 1987 propagabit
909 1934 1027 1986 qutim
1046 1949 1119 1985 pro
1136 1935 1281 1974 ratione
1334 1944 1423 1970 rum
1455 1931 1619 1972 circulos
1647 1932 1945 1977 describentium
1982 1939 2154 1982 tempora
2184 1932 2377 1983 periodica

243 1990 418 2038 superius
435 1988 642 2040 assignata.
702 1990 753 2027 ln
772 1989 1028 2037 superioribus
1046 1988 1282 2026 demonstra·
1334 1993 1443 2024 erant
1465 1986 1603 2037 (Prop.
1629 1984 1754 2036 LII.)
1783 1994 1829 2024 ut
1855 1985 2041 2037 quadrata
2059 1986 2325 2024 distantiarum
2353 1999 2377 2023 a

244 2042 414 2081 tionibus
435 2042 647 2080 Newtonus
674 2043 876 2091 supposuit
902 2041 1068 2079 fluidum
1094 2042 1278 2092 homoge-
1334 2046 1467 2076 centro
1489 2039 1538 2085 S;
1573 2047 1687 2076 erunt
1703 2039 1745 2076 in
1763 2040 1836 2077 hoc
1854 2052 1942 2077 vase
1959 2047 2004 2077 ut
2023 2039 2207 2089 quadrata
2224 2038 2374 2076 medio-

244 2106 365 2133 neum
395 2108 476 2133 esse
502 2103 542 2133 et
570 2095 803 2145 pressionem
831 2095 974 2144 ubique
1005 2094 1216 2144 aequalem;
1245 2094 1277 2131 si
1331 2091 1457 2130 crium
1480 2090 1748 2131 distantiarum
1775 2105 1893 2145 quam
1911 2092 2098 2143 proxime.
2161 2092 2224 2132 Sic
2255 2092 2373 2142 parti-

244 2147 333 2186 ver&
352 2148 392 2185 in
410 2147 567 2186 diversis
584 2162 608 2185 a
626 2148 778 2186 vorticis
796 2155 928 2186 centro
946 2147 1132 2185 distantiis
1149 2147 1278 2198 aliqua

243 2200 293 2238 sit
310 2201 476 2250 partium
495 2201 605 2239 fluidi
623 2209 690 2239 aut
707 2201 910 2250 pressionis
928 2199 1179 2251 inaequalitas,
1207 2200 1279 2237 mi·
1827 2209 1867 2252 Ο

245 2265 380 2291 norem
400 2254 461 2292 vel
479 2255 664 2305 majorem
687 2254 911 2292 fluiditatem
937 2253 1029 2291 inde
1054 2260 1190 2298 ortam,
1218 2253 1281 2291 vel
1850 2267 1852 2270 ·

244 2305 459 2345 lubricitate
477 2308 645 2356 partium
663 2308 723 2345 vel
741 2307 886 2345 lentore
904 2306 1023 2345 alifive
1042 2304 1171 2356 aliqua
1188 2318 1279 2345 con-

244 2357 390 2397 ditione
408 2360 457 2397 ad
476 2361 730 2410 aequalitatem
743 2360 890 2398 restitui
908 2359 1101 2408 supponit,
1130 2369 1175 2397 ut
1193 2371 1280 2397 vor-

242 2418 306 2449 tex
326 2412 367 2448 in
386 2412 522 2450 eodem
546 2421 645 2451 statu
667 2412 780 2463 juxta
798 2414 902 2464 leges
919 2412 1165 2461 praescriptas,
1193 2425 1279 2461 per-

244 2473 410 2503 maneat.
472 2466 563 2504 Hoc
582 2466 655 2503 nisi
667 2467 745 2512 fiat,
765 2467 924 2504 materia
938 2467 1002 2503 ubi
1016 2465 1146 2503 minus
1160 2464 1280 2503 fluida

243 2525 312 2564 est,
333 2518 456 2569 magis
474 2520 679 2556 cohaerebit
696 2527 733 2557 et
752 2518 904 2570 segnior
918 2520 997 2563 erit,
1019 2516 1183 2567 ideoque
1196 2530 1279 2555 mo-

243 2576 327 2608 tum
348 2584 371 2609 a
388 2573 503 2621 globo
529 2572 686 2610 centrali
721 2572 1051 2610 communicatum
1085 2571 1279 2609 difficilius

244 2635 289 2661 ac
306 2624 459 2668 tardius,
491 2626 635 2663 caeteris
662 2626 827 2674 paribus,
863 2625 1038 2674 recipiet3
1073 2624 1139 2662 sed
1165 2624 1278 2661 illum

244 2675 399 2726 longius
427 2678 661 2728 propagabit.
722 2679 827 2716 Nam
854 2679 885 2715 si
913 2678 1063 2716 vorticis
1081 2685 1205 2726 partes
1224 2675 1278 2715 ita

243 2727 343 2766 inter
370 2743 409 2767 se
428 2739 466 2769 et
484 2743 573 2768 cum
605 2731 722 2781 globo
754 2733 997 2777 cohaererent,
1031 2738 1076 2768 ut
1104 2730 1212 2768 nulla
1241 2730 1278 2767 vi

241 2792 395 2830 possent
413 2783 589 2832 separari,
611 2797 688 2821 non
707 2793 833 2833 posset
850 2784 990 2835 globus
1008 2784 1184 2821 centralis
1204 2783 1276 2821 cir-

241 2835 444 2881 cumvolvi,
475 2838 570 2886 quin
602 2838 762 2876 materia
787 2845 868 2875 tota
897 2837 1059 2881 vorticis,
1092 2843 1277 2886 tanquam

241 2887 358 2924 vectis
385 2888 544 2939 rigidus,
578 2889 696 2929 simul
726 2891 1097 2928 circumvolveretur.
1160 2889 1276 2928 Unde

242 2939 318 2989 qud
337 2943 462 2990 magis
480 2951 605 2991 partes
624 2944 702 2981 illae
716 2944 924 2990 cohaerent,
952 2942 1000 2981 eo
1017 2942 1173 2993 longius
1189 2955 1274 2980 mo-

240 2997 322 3028 tum
342 3006 365 3031 a
383 2994 497 3044 globo
524 2997 681 3034 centrali
708 3004 907 3044 acceptum
934 3004 1158 3046 propagant.
1219 2996 1275 3034 Et

240 3043 329 3082 ideo
348 3046 494 3084 etiamsi
511 3050 670 3087 materia
688 3049 839 3087 vorticis
856 3050 1096 3099 homogenea
1113 3061 1191 3086 non
1211 3049 1272 3095 sit,

240 3104 279 3134 et
298 3099 437 3145 pressio
455 3100 654 3151 inaequalis
673 3109 922 3151 supponatur,
950 3102 1028 3139 vim
1047 3114 1156 3139 suam
1175 3102 1272 3139 obti-

240 3159 335 3187 nent
354 3151 609 3200 difficultates,
630 3168 723 3206 quas
735 3155 866 3193 contra
878 3154 1066 3192 vorticum
1080 3154 1123 3191 in
1136 3154 1273 3193 natura

239 3203 525 3250 possibilitatem
547 3208 587 3245 N
591 3216 762 3246 ewtonus
780 3207 977 3258 proposuit
994 3208 1035 3244 in
1057 3207 1145 3246 Cor.
1170 3211 1206 3245 2.
1229 3211 1266 3245 4.

239 3259 276 3293 5.
301 3263 339 3292 et
358 3261 394 3294 6.
421 3257 536 3306 Prop.
563 3260 665 3299 LII.

292 3308 348 3358 (Θ)
373 3312 392 3333 *
416 3312 455 3347 Si
467 3314 605 3363 figura
639 3315 738 3353 vasis
771 3328 849 3353 non
875 3315 925 3353 sit
958 3315 1153 3364 sphaerz'ca.
1215 3313 1273 3353 Sit

242 3359 275 3398 C
296 3361 335 3398 N
358 3361 401 3399 H
424 3362 479 3408 K,
517 3364 641 3415 figura
671 3366 770 3404 vasis
800 3367 843 3404 in
878 3379 956 3419 quo
987 3366 1162 3419 fluidum«
1189 3367 1271 3405 selo

237 3413 397 3460 spbaerae
428 3417 464 3452 A
487 3416 522 3453 L
555 3417 588 3454 F
615 3418 787 3467 impulsu
819 3428 955 3470 agatur
986 3420 1028 3457 in
1058 3422 1201 3466 orbem,
1232 3427 1271 3458 et

235 3466 433 3513 particulae
451 3467 559 3506 fluidi
578 3482 664 3520 quae
676 3472 772 3509 vasis
783 3472 1022 3521 superficiem
1042 3473 1074 3511 C
1093 3473 1193 3511 NH
1214 3473 1268 3520 K,

235 3519 478 3570 contingunt,
506 3525 762 3561 movebuntur
779 3524 821 3561 in
839 3525 950 3562 lineis
967 3537 1046 3562 non
1074 3525 1268 3563 circulari-

234 3571 317 3616 bus,
346 3572 412 3610 sed
432 3573 691 3613 conformibus
709 3576 835 3615 eidem
853 3577 950 3615 vasis
968 3577 1117 3627 figurae,
1146 3579 1259 3627 parti-

233 3624 332 3683 culae
362 3624 452 3663 vero
482 3639 570 3676 quae
600 3629 756 3676 sphaerae
777 3630 816 3666 A
838 3630 874 3667 L
896 3630 929 3667 F
946 3631 1130 3679 proximae
1159 3638 1263 3677 sunt,
1317 3634 1415 3672 culae
1445 3633 1480 3672 P
1506 3632 1668 3672 orbitam
1689 3632 1725 3671 B
1747 3632 1783 3671 P
1805 3632 1844 3671 G
1865 3632 1901 3671 B
1926 3631 2170 3671 describentis
2195 3639 2348 3683 tempus

233 3677 395 3737 cir-culos
413 3678 638 3718 describent.
701 3680 815 3719 Unde
833 3681 911 3732 quo
928 3684 1050 3733 magis
1068 3684 1266 3731 particulae
1317 3686 1552 3735 periodicum
1585 3686 1658 3724 erit
1691 3698 1808 3736 quam
1843 3684 2016 3734 proxime
2042 3693 2088 3723 ut
2117 3686 2347 3735 quadratum

232 3728 341 3766 flu1d1
362 3743 385 3768 a
403 3732 551 3779 sphaerii
571 3733 728 3771 centrali
746 3733 898 3779 distant,
920 3734 966 3773 εό
985 3736 1107 3786 magis
1124 3736 1264 3774 orbita-
1316 3739 1505 3777 distantiae
1527 3739 1561 3777 P
1583 3739 1622 3785 S,
1655 3751 1742 3789 quae
1760 3747 1816 3777 est
1834 3738 1960 3776 media
1986 3738 2222 3777 arithmetica
2247 3739 2347 3776 inter

231 3792 320 3818 rum
339 3796 434 3833 quas
451 3784 684 3833 describunt,
704 3786 830 3837 figura
847 3799 871 3824 a
888 3787 1064 3825 circulari
1082 3788 1208 3826 differt
1226 3798 1264 3827 et
1316 3791 1535 3829 distantiam
1566 3792 1774 3830 maximam
1806 3792 1842 3829 B
1865 3791 1903 3837 S,
1934 3798 1972 3829 et
1999 3791 2199 3828 minimam
2235 3792 2261 3830 S
2291 3792 2342 3838 G,

231 3833 281 3871 ad
299 3837 399 3874 vasis
416 3837 580 3887 figuram
599 3838 758 3878 accedit.
821 3838 926 3885 Quia
943 3838 1033 3879 ver&
1058 3841 1262 3891 particula-
1316 3843 1394 3883 sive
1412 3844 1483 3882 crit
1501 3852 1545 3882 ut
1562 3851 1713 3894 tempus
1730 3843 1964 3894 periodicum
1983 3844 2177 3894 particulae
2198 3843 2247 3891 P,
2271 3843 2344 3881 cir-
