2502 4192
244 276 348 322 264·

244 411 282 449 L
302 409 351 448 ad
374 408 408 446 P
427 421 465 458 p,
495 415 534 446 et
551 406 613 446 his
630 407 842 446 rationibus
862 404 1090 455 conjunctiS,
1123 403 1159 441 P
1181 407 1223 449 ><
1252 402 1289 440 Α

242 463 416 509 adB><
445 460 823 507 GutL,adPO;
854 457 960 497 unde
989 456 1221 495 fitAadB
1251 464 1296 493 ut

249 519 286 557 G
311 521 351 562 ><
380 516 479 553 Lad
502 516 537 553 P
560 515 597 553 Ο
621 520 662 561 ><
689 514 736 551 Ρ.
784 513 877 551 Jam
896 512 926 548 si
948 510 1137 560 particula
1159 510 1193 548 P
1212 522 1238 558 p
1257 510 1296 546 vi

244 572 407 609 moti-icc
426 582 498 607 ceu
517 567 688 618 pondere
714 567 748 603 A
768 565 967 603 sollicitata
997 563 1234 601 oscillaretur
1253 563 1295 599 in

244 623 419 674 cycloide
450 623 563 673 cujus
595 620 798 669 perimeter
830 626 912 656 tota
939 625 1106 667 aequaret
1134 616 1294 664 duplam

244 677 467 715 distantiam
490 676 524 713 P
546 675 585 721 S,
616 681 770 721 tempus
791 671 909 710 unius
928 669 1150 708 vibrationis
1169 670 1208 706 in
1229 682 1293 719 cy-

245 731 370 770 cloide
407 729 555 779 aequale
584 733 684 765 esset
720 725 883 773 tempori
919 724 1141 761 vibrationis
1177 724 1295 761 unius

245 784 398 822 chordae
417 781 576 819 musicae
594 793 663 817 seu
681 778 881 827 particulae
905 778 939 815 P
958 790 1006 825 p;
1028 778 1118 826 quia
1137 776 1194 814 vi's
1208 789 1294 824 par-

242 838 374 875 ticnlae
407 835 441 873 P
461 847 497 884 p,
528 834 570 871 in
601 832 773 882 cycloide
806 830 1014 869 oscillantis
1044 842 1194 878 semper
1221 830 1289 867 de-

243 890 378 928 crescit
395 889 436 925 in
454 886 602 925 ratione
630 885 820 924 distantiae
847 885 931 935 ejus
949 897 972 921 a
989 891 1134 932 puncto
1153 883 1288 920 infimo

243 957 313 981 seu
331 942 461 980 medio
488 938 681 989 cycloidis,
712 937 1041 988 quemadmodum
1062 937 1117 974 vis
1135 936 1203 974 illa
1221 936 1288 983 de-

243 997 377 1034 crescit
396 996 437 1032 in
456 994 603 1031 ratione
626 992 819 1030 distantiae
837 1005 860 1029 a
879 998 1024 1039 puncto
1047 991 1072 1028 S
1091 1003 1182 1027 cum
1201 1003 1288 1038 par-

242 1049 363 1087 ticula
385 1049 420 1087 P
439 1061 464 1097 p
483 1046 714 1085 vibrationes
732 1058 820 1083 suas
840 1044 921 1095 agit
939 1044 978 1080 in
999 1043 1102 1081 recta
1125 1044 1159 1081 P
1182 1044 1220 1089 S,
1251 1051 1289 1081 et

242 1103 299 1139 vis
318 1101 458 1140 metrix
477 1098 676 1150 particulae
690 1100 731 1135 in
745 1106 891 1148 puncto
904 1097 1086 1147 cycloidis
1104 1096 1289 1135 altissimo

243 1155 400 1207 aequalis
427 1162 484 1193 est
510 1153 548 1192 vi
574 1151 725 1190 motrici
757 1152 809 1198 A,
840 1155 926 1204 (per
949 1151 1037 1189 Cor.
1064 1150 1181 1199 Prop.
1208 1150 1284 1189 LI.

240 2092 331 2131 Lib.
356 2091 430 2141 L).
487 2090 528 2129 Si
559 2088 650 2129 vero
677 2087 867 2139 particula
903 2087 938 2125 P
962 2100 988 2136 p
1020 2084 1189 2135 pondere
1215 2096 1288 2123 suo

238 2146 417 2185 absoluto
436 2145 471 2183 B
485 2144 681 2183 oscilletur
699 2143 741 2179 in
761 2140 932 2192 cycloide
951 2141 1064 2191 cujus
1083 2139 1289 2187 perimeter

237 2208 320 2238 tota
338 2200 387 2236 sit
407 2203 431 2236 2
450 2199 503 2244 D,
525 2197 597 2236 erit
616 2197 731 2247 hujus
750 2195 909 2244 penduli
924 2192 1130 2243 longitudo
1149 2192 1187 2229 D
1202 2194 1289 2243 (per

244 2254 333 2291 Cor.
360 2252 474 2300 Prop.
503 2251 551 2288 L.
579 2251 665 2288 Lib.
694 2249 765 2298 L),
797 2256 835 2285 et
853 2255 1006 2295 tempus
1025 2245 1143 2283 unius
1164 2244 1287 2282 vibra-

238 2306 356 2344 tionis
375 2304 528 2342 chordae
548 2303 706 2342 musicae
726 2302 798 2339 erit
811 2301 860 2339 ad
874 2308 1027 2349 tempus
1046 2299 1163 2336 unius
1175 2297 1286 2335 oscil-

237 2359 393 2397 lationis
422 2357 584 2408 penduli
611 2357 651 2393 in
679 2355 826 2393 ratione
845 2352 1055 2402 composita
1075 2364 1121 2389 ex
1141 2351 1287 2388 subdu-

237 2411 379 2462 plicata
397 2412 545 2449 ratione
565 2408 822 2460 longitudinis
845 2407 879 2445 P
895 2408 920 2444 S
932 2407 981 2444 ad
1001 2404 1286 2456 longitudinem

241 2466 297 2510 D,
319 2473 358 2503 et
376 2463 643 2514 subduplicata
663 2462 810 2500 ratione
829 2459 1007 2510 ponderis
1030 2460 1064 2497 B
1084 2459 1133 2496 ad
1152 2458 1230 2495 vim
1247 2458 1284 2495 A

240 2519 349 2570 (Cor.
371 2523 406 2557 5.
435 2518 551 2566 Prop.
575 2516 744 2554 XXIV.
772 2515 858 2553 Lib.
885 2514 996 2561 11.);
1019 2513 1057 2550 id
1077 2519 1145 2554 est,
1167 2513 1209 2548 in
1222 2524 1284 2549 ra-

237 2572 344 2609 tione
362 2568 631 2620 subduplicatzi
649 2568 872 2620 quantitatis
894 2567 928 2605 P
947 2568 983 2604 0
1008 2572 1048 2611 ><
1072 2566 1105 2603 Ρ
1128 2566 1154 2604 S
1169 2570 1210 2611 ><
1231 2565 1278 2609 Ρ,

237 2626 287 2663 ad
305 2626 559 2676 quantitatem
592 2625 629 2661 G
651 2624 687 2661 L
711 2624 764 2668 D,
793 2631 908 2672 atque
935 2619 1022 2657 ideo
1041 2621 1090 2656 ob
1112 2619 1148 2656 P
1171 2619 1207 2657 Ο
1231 2622 1274 2664 ><

241 2709 277 2749 P
294 2711 321 2748 S
339 2727 395 2747 =
419 2678 506 2739 IL}
529 2709 659 2761 (202.)
682 2709 721 2746 in
742 2706 890 2745 ratione
904 2703 1178 2754 ,subduplicata
1198 2704 1233 2742 P
1246 2704 1282 2742 L

429 2757 489 2781 CC

237 2795 503 2834 adccGD.
567 2797 617 2840 Q.
643 2808 674 2832 e.
699 2794 738 2831 d.

295 2866 400 2911 Quia
418 2866 508 2905 vero
525 2878 711 2903 numerus
726 2863 980 2901 vibrationum
997 2863 1285 2900 isochronarum

237 2932 332 2971 quas
350 2920 493 2959 chorda
510 2921 570 2957 vel
588 2918 806 2969 pendulum
833 2924 1004 2965 tempore
1031 2916 1165 2965 quovis
1191 2915 1284 2952 dato

238 2982 430 3023 peragunt
448 2981 537 3010 sunt
555 2969 704 3010 inverse
724 2978 768 3008 ut
787 2970 1069 3008 oscillationum
1096 2976 1281 3017 tempora,

240 3025 310 3062 erit
342 3039 528 3064 numerus
560 3024 816 3063 vibrationum
844 3036 939 3073 quas
966 3022 1108 3060 chorda
1134 3022 1284 3059 musica

239 3086 412 3128 tempore
432 3081 548 3117 unius
562 3077 810 3116 oscillationis
824 3076 984 3125 penduli
1004 3075 1177 3124 praedicti
1197 3088 1282 3124 per-

238 3131 320 3182 agit
346 3132 396 3170 ad
423 3133 611 3171 unitatem
639 3139 683 3169 ut
712 3138 864 3178 tempus
891 3129 1009 3167 unius
1035 3128 1283 3166 oscillationis

238 3184 400 3232 penduli
428 3185 478 3223 ad
513 3195 668 3234 tempus
702 3184 820 3221 unius
856 3181 1077 3220 vibrationis
1114 3182 1279 3224 chordae,

238 3235 403 3287 ide6que
432 3239 473 3275 in
504 3239 651 3277 ratione
679 3235 947 3285 subduplicata
976 3248 998 3273 c
1026 3248 1047 3273 c
1078 3234 1117 3273 G
1148 3235 1201 3281 D,
1232 3234 1283 3272 ad

242 3291 278 3329 P
314 3292 361 3336 L,
400 3300 438 3328 et
474 3292 634 3340 proinde
672 3303 858 3328 numerus
893 3289 1151 3327 vibrationum
1187 3300 1283 3339 quas

238 3344 382 3383 chorda
396 3348 541 3382 musica
560 3344 707 3394 peragit
726 3356 772 3382 eo
789 3350 961 3392 tempore
975 3354 1052 3391 quo
1066 3340 1283 3390 pendulum

238 3399 351 3450 cujus
387 3398 592 3448 longitudo
628 3405 685 3435 est
733 3398 774 3436 D
819 3394 939 3434 semel
983 3394 1180 3433 oscillatur
1225 3402 1282 3432 est

238 3487 475 3556 cM—ffs.
541 3481 702 3527 Q.e.d.

293 3593 383 3627 304.
410 3590 525 3628 Corol.
552 3591 586 3623 1.
628 3585 669 3623 Si
696 3584 902 3635 longitudo
921 3583 1074 3622 chordae
1094 3583 1131 3622 L
1151 3583 1281 3634 digitis

239 3642 348 3691 pedis
372 3641 596 3680 Parisiensis
615 3638 861 3687 exprimatur,
892 3635 1078 3675 numerus
1104 3636 1282 3675 vibratio-

240 3708 337 3733 num
356 3708 451 3746 quas
470 3693 612 3732 chorda
629 3702 802 3740 tempore
828 3691 970 3728 minuti
988 3690 1106 3728 unius
1122 3689 1283 3728 secundi

240 3781 403 3832 peragit,
436 3780 509 3819 erit
542 3784 601 3825 19,
618 3781 718 3817 0341
755 3779 808 3828 M
841 3745 945 3848 ἦ
975 3773 1280 3827 quamproxime.

249 3865 353 3903 Nam
385 3865 601 3917 pendulum
634 3865 746 3917 cujus
772 3861 978 3914 longitudo
1000 3865 1040 3903 D
1059 3870 1115 3902 est
1142 3861 1286 3912 pedum

774 262 1342 319 PHILOSOPHIAE
1383 260 1837 316 NATURALIS

1947 261 2126 328 [Mor.
2155 261 2399 318 conpos.

1349 410 1627 450 Parisiensium
1649 417 1673 450 3
1691 417 1730 449 et
1747 410 1938 450 linearum
1957 411 2026 464 8-},
2057 425 2125 451 seu
2145 415 2258 467 digit.
2285 403 2397 469 82311,

1351 464 1524 515 singulas
1543 464 1801 503 oscillationes
1828 472 1999 514 ternpore
2026 467 2169 506 minuti
2197 469 2314 507 unius
2340 483 2398 507 se-

1349 518 1468 556 cundi
1488 517 1650 555 absolvit
1670 520 1780 568 (471.
1802 517 1891 556 Lib.
1917 519 1975 568 1.)
1995 526 2034 557 et
2052 529 2234 568 praeterea
2252 530 2298 559 ut
2320 526 2395 560 113

1348 571 1397 609 ad
1414 574 1490 610 355
1500 586 1512 618 ;
1534 569 1588 609 ita
1601 571 1787 609 diameter
1807 575 1822 608 1
1839 571 1888 609 ad
1902 571 2035 609 circuli
2047 574 2397 613 circumferentiam

1348 649 1381 680 c,
1403 648 1490 697 quae
1508 635 1670 684 proinde
1689 635 1760 673 erit
1778 625 1890 690 {-{-}.
1953 638 2085 683 Quare
2104 641 2134 677 si
2154 641 2240 678 loco
2263 642 2304 679 D
2319 649 2358 679 et
2376 655 2398 680 c

1349 692 1564 728 scribantur
1608 689 1780 738 ipsorum
1827 692 1975 729 valores
2014 692 2057 728 in
2092 692 2276 738 formula,
2324 695 2397 732 erit

1348 788 1369 813 c
1399 777 1452 828 «Ι
1493 742 1602 847 (ἐξ
1629 790 1688 812 =
1715 764 1816 830 ἕξ
1845 779 1899 829 ν
1934 746 2391 849 2ZSLGP=120541

1344 895 1398 946 γ
1424 861 1518 966 ᾗ
1537 893 1840 945 quamproxime.

1399 992 1489 1027 305.
1512 990 1632 1028 Corol.
1650 992 1687 1026 2.
1726 987 1767 1025 Si
1792 988 2040 1026 conferantur
2069 988 2258 1028 variarum
2285 992 2396 1028 chor.

1344 1041 1484 1079 darum
1511 1041 1780 1087 oscillationes,
1809 1042 1901 1092 quia
1927 1041 2159 1092 quantitates
2182 1056 2204 1081 c
2223 1051 2262 1081 et
2282 1044 2324 1081 D
2352 1044 2394 1081 in

1341 1125 1511 1165 formula
1530 1140 1551 1165 c
1572 1128 1625 1177 ,χΙ
1653 1095 1693 1198 g
1716 1095 1756 1197 ἲ

1588 1225 1684 1249 num
1705 1213 1795 1251 dato
1815 1219 1988 1262 tempore
2015 1221 2257 1263 peractarum
2284 1223 2398 1254 erunt

1776 1126 1875 1164 datae
1901 1134 2004 1172 sunt,
2032 1127 2187 1165 numeri
2217 1129 2395 1166 vibratio-

1587 1304 1634 1335 ιιι
1654 1300 1707 1349 4!
1731 1266 1843 1369 PQL'
1875 1305 1913 1336 et
1940 1296 2029 1336 ideo
2056 1306 2230 1348 tempora
2256 1300 2398 1351 quibus

1588 1414 1754 1467 singulae
1779 1415 2012 1454 vibrationes
2039 1417 2140 1455 fiunt
2158 1425 2204 1455 ut
2223 1419 2278 1469 γ
2304 1384 2397 1450 H

1591 1504 1700 1554 (473.
1728 1502 1817 1541 Lib.
1843 1500 1917 1550 L).

1642 1561 1732 1594 306.
1769 1556 1881 1594 Corol.
1912 1562 1949 1593 3.
2002 1556 2150 1594 Iisdem
2185 1557 2331 1606 positis,
2365 1557 2397 1594 si

1587 1607 1772 1657 praeterea
1817 1608 1971 1646 chordae
2008 1610 2085 1648 sint
2129 1612 2396 1661 homogeneae,

1588 1660 1698 1712 aeque
1725 1673 1860 1699 crassae
1879 1669 1917 1699 et
1935 1661 2046 1711 aeque
2072 1670 2204 1709 tensae,
2235 1676 2327 1700 cum
2355 1663 2396 1700 in

1588 1727 1636 1753 eo
1663 1728 1753 1752 casu
1782 1714 1936 1761 pondus
1960 1715 1998 1752 G
2018 1715 2152 1753 datum
2172 1716 2222 1753 sit
2241 1725 2278 1753 et
2300 1729 2397 1765 pon-

1588 1767 1663 1805 dus
1698 1767 1733 1805 P
1766 1767 1814 1804 sit
1846 1775 1890 1805 ut
1922 1768 2076 1805 chordae
2109 1769 2315 1820 longitudo
2346 1770 2394 1815 L,

1588 1827 1763 1869 tempora
1793 1820 1934 1870 quibus
1965 1820 2131 1872 singulae
2169 1822 2397 1861 vibrationes

1589 1872 1702 1920 fiunt,
1724 1883 1839 1911 erunt
1857 1881 1903 1911 ut
1924 1875 1976 1923 4!
1990 1874 2038 1916 L
2060 1875 2111 1919 L,
2132 1887 2201 1912 seu
2221 1883 2267 1913 ut
2285 1876 2396 1913 ehor-

1589 1980 1731 2017 menti's
1771 1979 2014 2017 confirmavit
2062 1980 2204 2019 clariss.
2250 1982 2396 2019 Grave-

1589 2032 1708 2070 sande
1725 2033 1767 2069 in
1789 2032 1917 2070 Elem.
1944 2033 2138 2083 Physices.

1397 2086 1577 2125 Scholion.
1632 2087 1735 2131 Quae
1773 2085 1823 2123 de
1859 2086 2011 2124 chordis
2046 2087 2285 2125 vibrantibus
2315 2088 2395 2125 huc

1342 2150 1464 2187 usque
1483 2138 1665 2185 diximus,
1700 2153 1745 2176 ea
1762 2138 1841 2176 fere
1860 2140 2002 2183 omnia,
2033 2140 2232 2178 nonnullis
2258 2148 2391 2178 tamen

1342 2191 1567 2239 immutatis,
1584 2192 1749 2230 mutuati
1764 2205 1900 2229 sumus
1914 2205 1961 2230 ex
1977 2193 2161 2231 Tractatu
2178 2193 2225 2231 de
2240 2195 2393 2231 metho-

1343 2244 1394 2281 do
1425 2245 1752 2284 incrementorum
1790 2246 1931 2285 clariss.
1969 2245 2124 2295 Taylor.
2187 2246 2394 2285 Formulas

1340 2298 1478 2335 nostris
1494 2299 1636 2337 similes
1651 2299 1791 2337 dedere
1810 2299 2047 2337 celeberrimi
2061 2299 2144 2345 viri,
2169 2300 2342 2338 Sauveur
2352 2300 2393 2337 in

1343 2352 1616 2390 Monumentis
1646 2352 1770 2390 Acad.
1801 2352 1923 2390 Paris.
1947 2365 2009 2389 an.
2038 2356 2151 2391 1713.
2175 2360 2213 2391 et
2245 2352 2390 2391 Daniel

1344 2405 1548 2444 Bernoulli
1576 2414 1663 2444 tum
1690 2406 1732 2442 in
1763 2406 1875 2443 Actis
1905 2405 2101 2454 Petropol.
2126 2413 2212 2444 tum
2232 2406 2273 2442 in
2296 2406 2390 2443 Dis-

1341 2459 1545 2497 sertatione
1563 2459 1612 2497 de
1635 2458 1918 2509 Propagatione
1939 2459 2071 2502 Lucis,
2102 2460 2151 2496 ab
2174 2457 2391 2497 Academia

1343 2511 1471 2563 Regia
1492 2513 1613 2552 Paris.
1638 2514 1799 2562 praemio
1817 2510 2070 2550 condecorata
2087 2524 2150 2550 an.
2173 2516 2288 2552 1756.

1666 2708 2052 2747 PROPOSITIO.

1393 2836 1482 2871 307.
1516 2834 1557 2870 Si
1574 2833 1729 2870 numen·
1746 2832 1999 2870 vib-rationum
2019 2843 2114 2881 quas
2132 2832 2283 2869 chordoe
2299 2843 2385 2869 mu-

1337 2888 1424 2925 sicae
1443 2888 1529 2923 dato
1555 2892 1722 2935 tempore
1744 2892 1952 2934 peragunt,
1971 2886 2045 2922 sint
2065 2885 2166 2922 inter
2183 2897 2220 2922 se
2246 2890 2292 2922 ut
2308 2896 2385 2922 nu-

1338 2942 1433 2978 meri
1453 2943 1515 2982 24,
1538 2943 1601 2983 27,
1624 2944 1687 2984 30,
1708 2942 1773 2984 52,
1795 2942 1858 2982 36,
1881 2942 1944 2983 40,
1964 2940 2029 2983 45,
2050 2941 2114 2982 48,
2136 2936 2289 2974 chordae
2306 2935 2386 2974 illae

1336 3000 1449 3031 tonos
1467 2992 1583 3030 edent
1601 2992 1668 3042 qui
1687 2991 1747 3028 his
1766 2990 1970 3028 notissimis
1989 2989 2146 3028 vocibus
2164 2988 2383 3040 significan-

1336 3053 1412 3092 tur,
1451 3046 1542 3090 UT,
1576 3046 1670 3091 RE,
1702 3045 1789 3090 ΜΙ,
1823 3044 1911 3089 FA,
1950 3043 2072 3087 SOL,
2105 3044 2197 3088 LA,
2231 3042 2295 3087 SI,
2325 3049 2382 3088 ut,

1336 3099 1449 3137 initio
1473 3107 1628 3148 sumpto
1646 3111 1668 3135 a
1687 3105 1779 3135 tono
1798 3096 1975 3147 graviori.
2037 3096 2140 3133 Haec
2167 3094 2383 3143 Propositio

1337 3152 1609 3202 experimentis
1627 3151 1888 3188 demonstrata
1906 3158 1987 3196 est;
2009 3161 2100 3186 nam
2118 3148 2224 3185 nervi
2243 3147 2380 3185 musici

1336 3205 1580 3257 homogenei,
1601 3203 1712 3255 aeque
1726 3203 1840 3242 crassi
1859 3202 2072 3252 eodemque
2085 3201 2254 3249 pondere
2268 3200 2379 3246 tensi,

1336 3272 1504 3309 quorum
1518 3257 1780 3309 longitudines
1798 3263 1888 3294 sunt
1906 3253 2057 3292 inverse
2075 3263 2121 3292 ut
2138 3255 2289 3292 numeri
2309 3253 2378 3297 illi,

1336 3321 1449 3350 tonos
1466 3324 1563 3362 quos
1582 3311 1752 3348 diximus
1777 3309 1910 3354 edunt,
1942 3316 1982 3346 et
2008 3309 2148 3345 horum
2176 3318 2381 3345 nervorum

1335 3365 1598 3416 longitudines
1616 3371 1708 3401 sunt
1724 3360 1871 3400 inverse
1891 3368 1935 3399 ut
1952 3362 2105 3398 numeri
2123 3361 2381 3398 vibrationum

1335 3432 1432 3469 quas
1450 3418 1540 3457 dato
1557 3424 1730 3465 tempore
1748 3415 1952 3454 absolvunt
1970 3422 2008 3452 et
2023 3413 2165 3451 directe
2183 3421 2229 3452 ut
2247 3413 2381 3463 singu-

1336 3473 1462 3511 larum
1481 3471 1737 3509 vibrationum
1752 3476 1926 3516 tempora
1944 3465 2111 3517 ide6que
2124 3475 2168 3505 ut
2185 3471 2273 3513 180,
2291 3470 2379 3509 160,

1343 3530 1428 3569 144,
1454 3528 1543 3570 1:35,
1566 3528 1654 3569 120,
1679 3527 1765 3568 108,
1787 3527 1851 3568 96,
1873 3527 1945 3561 90:
1972 3520 2104 3573 (806).

1389 3598 1478 3633 308.
1514 3595 1631 3634 Corol.
1684 3593 1876 3630 Sonorum
1912 3589 2130 3628 differentia
2165 3586 2380 3626 secundum

1332 3661 1449 3699 grave
1475 3654 1513 3686 et
1540 3653 1713 3691 acutum,
1747 3658 1771 3682 a
1796 3643 1937 3682 minori
1966 3643 2028 3681 vel
2054 3642 2192 3692 majori
2219 3653 2383 3679 numero

1337 3700 1595 3739 vibrationum
1621 3711 1716 3750 quas
1734 3697 1888 3736 chordae
1906 3696 2065 3734 musicae
2091 3695 2182 3733 dato
2209 3702 2381 3744 tempore

1338 3761 1542 3805 peragunt,
1571 3752 1728 3801 pendet,
1757 3759 1796 3790 et
1813 3748 1861 3788 eo
1880 3748 2073 3801 graviores
2091 3756 2182 3786 sunt
2200 3747 2284 3786 soni
2302 3745 2381 3797 qud

1339 3807 1524 3845 tardiores
1540 3813 1632 3845 sunt
1649 3804 1816 3857 singulae
1841 3801 2072 3842 chordarum
2098 3801 2328 3841 vibrationes
2344 3805 2384 3837 et

1341 3858 1487 3900 contra.

1590 1926 1728 1963 darum
1769 1926 2055 1976 longitudines;
2102 1927 2207 1978 quod
2247 1929 2396 1977 experi-
2462 1932 2464 1935 ’

2498 4151 2502 4160 -
2486 4018 2502 4143 Ηῦΐις.;,-’.
2499 4000 2502 4003 .
