2502 4192
279 282 381 330 274-

278 427 352 464 pus
373 416 488 452 unius
505 416 737 460 vibrationis,
769 423 804 453 et
826 428 893 464 per
920 415 1004 465 ejus
1030 422 1167 463 partes,
1197 421 1323 463 partes

279 470 461 517 temporis
479 470 778 518 proportionales
797 469 1072 516 exprimantur,
1093 468 1147 509 sic
1159 476 1202 504 ut
1217 480 1322 504 coui-

278 522 383 569 pleto
410 531 581 570 tempore
608 522 742 572 quovis
764 522 801 559 T
824 522 876 564 R,
897 521 959 558 vel
980 521 1016 558 T
1035 532 1063 563 r,
1093 521 1126 557 si
1152 520 1323 569 erigatur

278 575 461 611 normalis
496 577 531 612 R
553 576 596 612 H
617 583 685 612 aut
704 587 723 610 r
742 576 780 620 h,
810 582 848 611 et
875 573 1048 621 capiatur
1068 573 1105 610 E
1128 589 1141 611 ι
1161 572 1320 622 aequalis

283 628 322 665 R
345 629 386 665 H
408 628 469 664 vel
491 628 525 665 P
545 629 594 673 L,
623 635 689 664 aut
707 639 726 663 r
744 628 769 663 h
790 626 849 664 vel
872 626 907 663 P
925 626 951 672 1,
981 635 1172 673 punctum
1190 625 1318 675 physi-
1338 648 1341 653 ‹

277 693 367 717 cum
400 682 435 718 E
469 681 679 729 reperiatur
714 680 755 716 in
786 696 811 717 ε.
873 679 966 716 Hac
1002 679 1088 729 lege
1127 686 1317 726 punctum

276 734 437 783 quodvis
468 735 503 771 E
532 733 662 770 eundo
687 735 734 770 ab
757 733 792 769 E
812 744 880 780 per
899 748 912 769 ι
932 731 981 769 ad
1009 744 1042 776 e,
1073 739 1110 768 et
1138 731 1228 768 inde
1256 744 1315 768 re-

266 786 433 824 deundo
453 799 521 835 per
541 803 553 824 ε
573 786 622 823 ad
643 786 694 831 E,
717 785 851 823 iisdem
870 784 1133 823 retardationis
1152 792 1190 821 et
1208 797 1317 821 acce-

275 839 469 878 lerationis
505 839 688 890 gradibus
724 838 975 876 vibrationem
1009 850 1128 875 unam
1160 845 1318 887 peraget

276 905 367 929 cum
399 893 626 930 ascendente
649 899 693 929 et
719 891 975 929 descendente
1007 903 1165 939 corpore
1196 891 1315 940 gravi,

275 947 514 993 probandum
535 953 591 983 est
609 944 713 995 quod
733 945 887 994 singula
911 943 1029 981 medii
1056 952 1200 991 puncta
1218 945 1313 992 phy-

272 998 349 1035 sica
367 998 432 1035 tali
452 1006 561 1035 motu
581 997 719 1048 agitari
737 998 912 1035 debeant.
960 997 1176 1046 Fingamus
1196 997 1315 1046 igitur

273 1051 446 1088 medium
474 1051 541 1088 tali
568 1059 677 1088 motu
697 1064 720 1088 a
744 1064 859 1088 causa
885 1048 1117 1099 quacunque
1146 1050 1247 1095 cieri,
1276 1059 1315 1087 et

273 1104 470 1141 videamus
488 1105 581 1154 quid
601 1104 690 1141 inde
706 1111 897 1154 sequatur.

328 1158 378 1194 In
398 1165 500 1194 recta
521 1158 556 1194 T
579 1166 606 1203 t,
636 1165 837 1194 sumantur
864 1156 1028 1206 aequales
1054 1163 1181 1204 partes
1202 1156 1238 1193 Ο
1259 1156 1313 1201 Q,

276 1211 317 1254 Q
342 1212 388 1256 R,
418 1211 477 1247 vel
505 1224 529 1248 o
547 1224 582 1261 q,
613 1224 636 1260 q
665 1223 694 1255 r,
729 1223 813 1247 eam
843 1211 1024 1247 habentes
1051 1209 1236 1246 rationem
1265 1210 1315 1247 ad

272 1272 412 1300 rectam
441 1272 561 1301 totam
583 1265 618 1301 T
637 1272 665 1307 t,
694 1276 811 1312 quam
838 1264 981 1300 habent
1009 1262 1174 1312 aequales
1201 1271 1314 1300 rectae

272 1317 309 1353 E
334 1317 378 1362 F,
413 1317 444 1354 F
476 1318 513 1354 G
541 1316 588 1353 ad
618 1317 802 1365 pulsuum
831 1316 1077 1353 intervallum
1111 1316 1146 1352 B
1179 1315 1236 1361 C;
1275 1323 1315 1353 et

269 1372 404 1407 erectis
434 1370 470 1407 O
495 1370 549 1415 K,
583 1371 624 1414 Q
645 1370 679 1415 1,
714 1371 751 1406 R
773 1369 831 1413 H,
861 1368 964 1406 velo
982 1369 1018 1412 k,
1040 1381 1063 1416 q
1084 1368 1109 1413 i,
1129 1380 1149 1404 r
1166 1369 1213 1405 h:
1246 1368 1312 1405 de-

268 1423 392 1459 missis
419 1423 533 1460 etiarn
554 1424 582 1459 si
604 1422 729 1470 placet
760 1422 800 1458 K
825 1422 876 1465 N,
911 1422 931 1458 I
955 1422 1014 1464 Μ,
1048 1421 1091 1458 Η
1114 1420 1177 1467 L3
1206 1420 1235 1459 k
1270 1433 1311 1466 n,

269 1476 280 1511 i
300 1488 350 1518 m,
382 1478 406 1512 h
436 1476 473 1522 l;
505 1476 689 1526 quoniam
718 1482 863 1523 puncta
895 1475 945 1520 E,
983 1474 1028 1519 F,
1065 1475 1116 1519 G,
1145 1476 1311 1510 motibus

266 1529 453 1566 similibus
470 1529 678 1567 successive
697 1530 902 1578 agitantur,
924 1535 962 1564 et
978 1527 1207 1564 vibrationes
1221 1539 1309 1563 suas

266 1582 434 1630 integras
462 1583 519 1619 itu
547 1589 585 1619 et
612 1581 736 1619 reditu
763 1581 993 1629 compositas
1025 1580 1170 1617 interea
1197 1592 1305 1627 pera-

264 1643 365 1684 gunt
383 1635 478 1672 dum
499 1635 633 1683 pulsus
652 1635 877 1671 transfertur
895 1647 942 1670 ex
967 1634 1000 1670 B
1020 1632 1069 1669 ad
1092 1633 1136 1676 C,
1158 1632 1188 1668 si
1211 1634 1246 1669 T
1266 1634 1303 1669 R

265 1688 324 1724 vel
347 1689 383 1724 T
401 1701 420 1724 r
438 1689 487 1724 sit
505 1697 657 1735 tempus
676 1690 724 1724 ab
739 1687 849 1725 initio
867 1685 995 1723 motus
1013 1686 1146 1733 puncti
1162 1686 1212 1730 E,
1233 1687 1304 1722 erit

267 1740 304 1778 T
327 1741 368 1784 Q
383 1741 443 1778 vel
464 1741 498 1777 T
517 1754 541 1790 q
570 1749 722 1789 tempus
740 1742 787 1778 ab
807 1739 916 1777 initio
942 1738 1071 1775 motus
1098 1739 1230 1786 puncti
1254 1739 1298 1784 F,

263 1802 301 1830 et
322 1794 358 1831 T
381 1793 418 1831 Ο
439 1793 499 1831 vel
520 1795 556 1831 T
575 1806 611 1839 o,
640 1802 792 1842 tempus
811 1796 858 1831 ab
877 1792 987 1830 initio
1011 1790 1138 1828 motus
1164 1793 1299 1839 puncti

267 1847 328 1892 G;
350 1854 387 1884 et
406 1854 602 1895 propterea
622 1847 659 1884 E
678 1862 703 1891 ε,
727 1847 757 1883 F
768 1857 804 1897 φ,
825 1846 860 1883 G
878 1862 917 1893 σγ,
939 1852 1054 1882 erunt
1070 1844 1163 1892 ipsis
1181 1845 1218 1881 R
1238 1845 1295 1890 H,

261 1900 320 1949 vel
347 1900 378 1936 P
399 1900 447 1944 L,
473 1901 514 1944 Q
533 1900 554 1936 1
574 1899 634 1937 vel
656 1899 692 1936 P
713 1900 772 1942 Μ,
804 1907 842 1937 et
864 1899 901 1937 Ο
927 1897 966 1934 Κ
986 1896 1046 1934 vel
1069 1897 1103 1934 P
1123 1897 1164 1934 N
1182 1897 1222 1934 in
1241 1898 1300 1935 itu

260 1963 506 2001 punctorum,
537 1953 597 1989 vel
624 1952 716 2000 ipsis
742 1965 762 1989 r
779 1954 804 1989 h
824 1959 892 1989 aut
921 1951 956 1988 P
976 1950 998 1993 l,
1028 1962 1054 2000 q
1072 1951 1084 1986 i
1102 1958 1171 1988 aut
1192 1950 1226 1987 P
1245 1964 1298 1997 m,

259 2014 332 2042 eto
347 2005 371 2042 k
391 2006 451 2042 vel
475 2006 508 2042 P
523 2018 548 2041 n
564 2005 603 2042 in
618 2006 742 2043 reditu
760 2005 925 2065 aequales
940 2003 1167 2051 respective.
1194 2004 1299 2041 unde

261 2074 274 2095 ε
295 2077 321 2107 νγ
340 2072 408 2095 seu
444 2059 476 2095 Ε
500 2060 537 2097 G
559 2059 612 2111 -l-

259 2112 417 2160 aqualis
448 2106 520 2150 erit
553 2112 590 2149 E
622 2112 659 2149 G
687 2130 741 2142 —·
771 2112 806 2149 L
838 2112 899 2149 N:
942 2110 980 2147 in
1010 2110 1135 2146 reditu
1167 2117 1255 2147 aute

259 2164 416 2213 aequalis
446 2165 482 2203 E
508 2166 545 2203 G
565 2165 618 2217 4-
637 2164 650 2201 1
670 2178 709 2204 n.
771 2164 847 2202 Sed
875 2180 887 2202 ε
908 2181 937 2213 ey
955 2162 1118 2200 latitudo
1145 2172 1202 2200 est
1229 2176 1298 2200 seu

257 2218 439 2265 expansio
457 2218 575 2265 partis
593 2217 710 2254 medii
733 2218 770 2254 E
796 2217 864 2255 G
853 2230 895 2254 in
915 2217 1000 2253 loco
1021 2232 1032 2253 s
1053 2233 1093 2265 ry,
1125 2225 1164 2253 et
1183 2229 1297 2273 prop-

256 2278 359 2307 terea
379 2273 561 2319 expansio
579 2271 697 2319 partis
715 2270 849 2307 illius
838 2283 880 2307 ιιι
898 2270 969 2314 itu,
991 2276 1047 2305 est
1065 2268 1113 2305 ad
1133 2269 1217 2319 ejus
1231 2282 1297 2306 ex-

257 2324 480 2382 pansionem
502 2324 731 2361 mediocrem
752 2331 797 2360 ut
818 2323 854 2361 E
875 2323 976 2360 G—
993 2322 1028 2358 L
1049 2322 1086 2359 N
1107 2322 1155 2358 ad
1177 2323 1213 2359 E
1234 2323 1295 2364 G;

256 2377 294 2411 in
317 2375 441 2412 reditu
462 2385 592 2414 autem
611 2385 657 2414 ut
679 2377 714 2414 E
733 2377 770 2413 G
787 2376 910 2428 ÷ln
931 2388 999 2412 seu
1022 2374 1058 2412 E
1077 2375 1112 2411 G
1131 2375 1184 2426 -l-
1205 2375 1240 2412 L
1256 2376 1295 2412 N

254 2428 302 2464 ad
327 2429 361 2465 Ε
387 2430 436 2466 G.
487 2430 619 2474 Quare
638 2442 727 2467 cum
747 2430 796 2467 sit
816 2429 852 2466 L
868 2430 905 2467 N
926 2441 994 2466 seu
1018 2428 1060 2464 H
1078 2428 1118 2464 X
1135 2428 1184 2465 ad
1199 2428 1240 2465 K
1256 2429 1293 2465 X

254 2494 320 2517 seu
341 2481 378 2518 O
397 2482 445 2525 R,
463 2491 506 2519 ut
524 2483 557 2519 L
576 2483 623 2519 M
638 2482 686 2520 ad
700 2483 1073 2531 semi-parametrum
1089 2481 1290 2529 parabolae,

253 2541 291 2570 et
314 2535 351 2571 O
377 2534 477 2572 Rad
500 2536 537 2573 E
561 2535 822 2574 Gu'tTtad
844 2536 879 2573 B
904 2534 1007 2580 C‚id
1028 2543 1083 2571 est
1104 2534 1292 2584 (sipona-

253 2594 315 2623 tur
337 2587 374 2623 V
393 2588 441 2624 ad
469 2588 843 2636 semi-parametrum
872 2595 918 2625 ut
939 2588 975 2625 B
999 2587 1030 2625 C
1050 2587 1098 2624 ad
1121 2587 1156 2625 T
1175 2595 1202 2633 t,
1232 2588 1291 2625 vel

252 2639 282 2675 si
311 2640 359 2677 sit
380 2641 416 2678 T
434 2648 451 2678 t
477 2642 634 2690 aequalis
662 2642 990 2689 semi-parametro
1016 2648 1055 2678 et
1075 2640 1115 2678 V
1133 2641 1292 2691 aequalis

257 2693 291 2729 Β
315 2693 366 2740 C)
387 2700 431 2730 ut
449 2695 777 2742 semi-parameter
796 2695 845 2732 ad
868 2694 918 2739 V,
939 2701 978 2731 et
997 2706 1042 2730 ex
1063 2706 1175 2743 aequo
1197 2694 1232 2731 L
1249 2695 1288 2732 N

251 2745 299 2782 ad
324 2746 359 2782 E
383 2747 420 2783 G
440 2753 484 2784 ut
507 2747 522 2783 1
549 2748 596 2784 Μ
612 2747 660 2784 ad
684 2749 716 2783 V
735 2763 746 2794 ;
767 2748 836 2784 erit
856 2747 1038 2795 expansio
1056 2747 1174 2795 partis
1195 2748 1230 2784 E
1250 2748 1287 2785 G

251 2800 430 2845 punctive
456 2800 603 2849 physici
636 2800 668 2837 F
694 2801 734 2837 in
762 2801 847 2837 loco
867 2816 879 2837 ε
899 2816 956 2848 oy.
945 2799 994 2836 ad
1013 2799 1287 2847 expansionem

251 2851 480 2889 mediocrem
500 2865 616 2902 quam
636 2866 722 2901 pars
740 2853 807 2890 illa
824 2852 966 2890 habet
955 2865 996 2888 m
1015 2853 1100 2889 loco
1120 2865 1190 2889 suo
1209 2854 1286 2901 pri-

249 2915 314 2940 mo
338 2906 372 2942 E
399 2906 449 2948 G,
472 2913 516 2943 ut
538 2906 675 2944 v——I
699 2908 743 2944 M
766 2906 815 2944 ad
836 2906 929 2942 Vin
948 2914 1016 2949 ltu
1039 2913 1158 2954 utque
1180 2907 1284 2958 V-†-

249 2956 261 2992 i
281 2970 319 2993 m
340 2958 388 2995 ad
411 2958 477 2995 V
466 2971 505 2995 m
525 2958 663 2996 reditu.
725 2959 841 2997 Unde
859 2958 915 2995 vis
933 2958 1092 2996 elastica
1103 2959 1235 3005 puncti
1256 2960 1288 2996 F

251 3009 291 3045 in
309 3010 394 3047 loco
413 3027 426 3049 ι
447 3028 475 3061 ry
494 3019 550 3049 est
568 3011 616 3049 ad
635 3012 712 3049 vim
732 3013 816 3063 ejus
833 3011 1027 3049 elasticam
1055 3011 1288 3049 mediocrem

737 3069 753 3103 1
872 3095 920 3134 ad
938 3068 988 3124 -1-
1009 3096 1051 3132 in
1069 3095 1140 3144 itu,
1168 3095 1208 3133 in
1227 3109 1287 3134 re-

619 3119 853 3220 ῖῖ--ιινί1
946 3132 973 3167 ν

529 3248 563 3284 V
586 3248 639 3297 4-
661 3246 673 3283 i
693 3259 733 3283 m
751 3187 853 3253 adl
823 3238 884 3284 -—.

250 3303 382 3333 mento
400 3297 477 3336 itus
495 3310 726 3348 punctorum
747 3301 990 3350 physicorum
1014 3300 1050 3337 E
1066 3307 1105 3338 et
1122 3301 1158 3338 G
1178 3300 1288 3338 initu

817 3359 831 3391 l
954 3384 1003 3424 ad
1024 3357 1085 3455 -1-‚
1099 3394 1137 3423 et
1148 3385 1286 3423 virium

251 3094 289 3129 in
310 3093 395 3132 loco
422 3096 459 3134 E
484 3097 535 3143 G,
564 3104 607 3134 ut

945 3214 1001 3252 Et
1018 3214 1153 3253 eodem
1173 3227 1289 3265 argu-

249 3209 331 3248 ditu
353 3211 441 3251 ver&
462 3221 504 3251 ut

521 3356 537 3389 1

422 3391 934 3456 v-1113⁸‘·v-‘1<—N

248 3459 466 3505 differentia
501 3468 550 3505 ad
586 3469 664 3505 vim
710 3470 902 3509 elasticam
948 3470 1192 3517 mediocrem,
1240 3479 1286 3510 ut

614 3521 912 3562 KN-HL

243 3574 1288 3647 W

249 3584 286 3621 X?

245 3668 292 3705 ad
314 3642 378 3739 -ἐη
408 3671 482 3707 hoc
505 3677 573 3715 est,
604 3677 649 3707 ut
679 3638 720 3675 K
743 3641 920 3741 NV—VH
942 3641 978 3679 L
1061 3640 1064 3643 Ι
1084 3645 1098 3678 1

251 3755 290 3791 K
307 3755 344 3791 N
359 3778 412 3785 -—
430 3756 472 3793 H
493 3756 526 3792 Ι,
546 3756 593 3793 ad
617 3756 666 3801 V,
688 3755 717 3792 si
737 3756 854 3793 modo
867 3758 933 3807 (ob
948 3759 1284 3808 angustoslimites

246 3809 521 3856 vibrationum)
550 3821 811 3857 supponamus
842 3810 883 3846 11
907 3811 943 3847 L
963 3820 1000 3848 et
1024 3812 1063 3848 K
1088 3812 1126 3848 N
1146 3811 1280 3849 indefi-

246 3860 326 3896 nite
361 3861 528 3898 minores
560 3875 641 3899 esse
678 3862 891 3913 quantitate
921 3863 969 3900 V.
1032 3866 1165 3908 Quare
1191 3863 1282 3903 cum

246 3389 337 3419 sunt
357 3389 400 3419 ut

856 3695 978 3703 -—-—-
997 3672 1113 3711 ad—
1136 3673 1215 3711 sive
1242 3682 1287 3712 ut

796 271 1358 329 PHILOSOPHIAE
1399 234 1852 328 NATURALIS

640 2059 727 2111 Gry
745 2081 799 2090 —
818 2059 855 2096 E
878 2074 891 2096 ε
912 2058 951 2094 iu
979 2058 1037 2094 itu
1064 2065 1334 2146 punctorunh

1258 2123 1282 2146 n

1965 273 2147 339 [Mor.
2168 276 2420 335 Com-on.

1376 412 1570 462 quantitas
1609 413 1648 450 V
1685 412 1810 460 detur,
1852 414 2067 453 differentia
2109 414 2248 451 virium
2285 421 2342 451 est
2377 422 2423 451 ut

1380 466 1421 503 K
1446 466 1623 503 N-—H
1654 465 1843 504 LseuK
1868 468 1921 511 X,
1951 482 2020 506 seu
2044 470 2079 506 Ο
2105 469 2156 512 R,
2184 468 2343 510 hocest,
2372 469 2421 504 ob

1376 518 1678 567 proportionales
1709 520 1746 557 O
1771 520 1822 565 R,
1846 520 1883 557 E
1909 521 1951 564 F,
1973 528 2012 559 et
2032 522 2068 560 T
2087 529 2114 567 t,
2139 522 2173 557 B
2198 521 2244 566 C,
2277 519 2422 570 (datas-

1372 585 1449 622 que
1470 572 1506 608 E
1531 572 1575 615 F,
1600 572 1637 609 T
1655 579 1671 609 t
1689 580 1728 610 et
1750 573 1785 610 B
1806 572 1856 621 C)
1878 572 2067 613 constans.
2128 573 2184 611 Et
2202 572 2338 609 eodem
2359 585 2419 609 ar-

1373 632 1574 675 gumento,
1595 624 1812 662 differentia
1830 626 1970 663 virium
1989 633 2222 675 punctorum
2241 625 2420 674 physico-

1371 691 1459 715 rum
1489 693 1501 715 ε
1530 686 1569 715 et
1598 695 1626 726 ry
1653 678 1695 715 in
1727 678 1854 723 reditu
1884 678 2040 719 lineolae
2071 679 2240 729 physicae
2272 693 2285 715 ε
2306 695 2335 727 ιγ
2363 684 2422 715 est

1371 730 1487 768 etiam
1506 738 1698 768 constans.
1758 731 1834 769 Sed
1852 731 2068 770 differentia
2086 732 2154 769 illa
2175 732 2231 784 (id
2252 738 2321 778 est,
2353 744 2420 769 ex-

1371 796 1500 821 cessus
1527 783 1582 820 vis
1609 783 1773 821 elasticae
1797 785 1932 833 puncti
1958 801 1971 823 a
1990 798 2105 846 supra
2122 785 2202 822 vim
2222 785 2417 823 elasticam

1370 836 1506 885 puncti
1525 841 1572 885 ey)
1604 836 1660 873 est
1692 837 1747 873 vis
1783 850 1860 887 qua
1897 838 2094 887 interjecta
2123 838 2243 875 medii
2276 838 2418 877 lineola

1372 890 1527 939 physica
1545 890 1779 927 acceleratur
1806 898 1876 928 aut
1904 891 2130 936 retardatur,
2159 898 2199 927 et
2215 899 2416 939 propterea

1369 943 1426 979 vis
1444 942 1687 980 acceleratrix
1708 942 1860 981 lineolae
1878 944 2044 993 physicae
2065 960 2076 982 s
2097 961 2126 993 γ
2144 951 2201 980 est
2219 952 2408 982 constans.

1371 996 1581 1044 Propterea
1600 1003 1753 1044 tempus
1772 996 1873 1035 recte
1893 1004 2107 1045 exponetur
2120 1008 2188 1045 per
2199 996 2414 1035 ordinatam

1370 1049 1391 1086 Ι
1415 1049 1462 1086 M
1481 1056 1519 1086 et
1545 1048 1662 1085 medii
1690 1062 1776 1097 pars
1803 1049 1955 1087 linearis
1984 1067 1996 1087 ε
2017 1067 2056 1099 oy,
2077 1050 2163 1099 lege
2191 1050 2410 1098 praescripta

1369 1109 1557 1147 movetur,
1578 1101 1617 1138 id
1634 1110 1701 1146 est,
1724 1103 1808 1151 lege
1819 1103 2058 1140 ascendentis
2072 1101 2414 1153 descendentisque

1368 1155 1506 1205 gravis,
1527 1161 1660 1204 estque
1680 1168 1747 1202 par
1761 1157 1857 1193 ratio
1872 1156 2048 1193 omnium
2063 1156 2250 1193 linearum
2267 1167 2314 1191 ex
2326 1156 2412 1206 qui-

1370 1211 1443 1246 bus
1461 1207 1633 1244 medium
1653 1215 1780 1245 totum
1801 1210 2056 1257 componitur.
2119 1211 2172 1254 Q.
2196 1220 2228 1244 e.
2252 1206 2289 1244 d.

1425 1261 1500 1298 Sed
1531 1259 1654 1312 (quod
1681 1259 1773 1298 sane
1801 1262 1962 1311 mirum)
1993 1262 2106 1310 Prop.

1371 1313 1541 1351 XLIX.
1574 1312 1616 1349 in
1642 1312 1721 1362 qua
1749 1326 1796 1350 ex
1825 1327 1894 1351 sua
1911 1316 2110 1364 hypothesi
2191 1330 2219 1346 ι·
2242 1330 2259 1371 η
2334 1333 2340 1342 ·

1369 1367 1587 1404 Newtonus
1623 1365 1709 1402 soni
1738 1366 1978 1405 velocitatem
2005 1381 2110 1406 com-
2167 1328 2261 1454 uum„
2283 1330 2365 1454 mum

1366 1427 1487 1467 putat,
1518 1417 1681 1456 eandem
1700 1418 1806 1457 dabit
1823 1421 2109 1459 conclusionem
2346 1431 2351 1452 ¹

1364 1475 1406 1510 in
1426 1480 1567 1516 nostra,
1600 1478 1651 1518 et,
1688 1479 1733 1509 ut
1759 1473 1930 1521 arbitror,
1963 1474 2005 1511 in
2031 1472 2112 1512 alia

1364 1523 1607 1575 quacunque.
1672 1524 1734 1562 Sic

1420 1579 1634 1627 Fingamus
1669 1577 1844 1615 medium
1877 1581 1924 1617 ab
1952 1579 2104 1618 incum-

1361 1633 1475 1669 bente
1495 1629 1675 1678 pondere,
1696 1643 1766 1678 pro
1780 1644 1886 1669 more
1901 1634 1996 1670 a'e’ris
2016 1647 2102 1670 nos-

1357 1685 1418 1725 tri,
1458 1683 1673 1730 comprimi,
1709 1684 1833 1733 sitque
1869 1686 1904 1721 A
1938 1686 2102 1723 altitudo

1358 1736 1476 1773 medii
1511 1736 1754 1784 homogenei,
1801 1737 1913 1787 cujus
1950 1739 2100 1786 pondus

1352 1790 1529 1839 adaequet
1539 1788 1694 1837 pondus
1705 1789 1933 1828 incumbens
1943 1799 1980 1829 et
1988 1805 2034 1829 cu
2032 1792 2099 1842 jus

2158 1708 2359 1985 utillum]

2150 2119 2229 2244 llll
2267 2119 2350 2244 {imm

1334 2646 1389 2684 dii
1401 2649 1607 2697 compressi
1618 2649 1659 2686 in
1672 2662 1749 2700 quo
1761 2650 1898 2699 pulsus
1907 2663 2095 2702 propaga-

1344 2710 1418 2739 tur.
1463 2704 1519 2741 Et
1533 2717 1611 2753 quo
1629 2712 1799 2753 tempore
1817 2718 1957 2753 corpus
1975 2713 2086 2743 canet

1344 2810 1381 2845 A
1399 2809 1532 2846 eodem
1549 2818 1719 2858 tempore
1737 2810 1871 2858 pulsus
1889 2817 2084 2858 percurret

1342 2862 1508 2909 spatium
1536 2863 1683 2912 aequale
1700 2864 1772 2900 toti
1799 2863 1992 2901 altitudini
2025 2864 2077 2901 A.

1343 2914 1414 2965 (Id
1443 2915 1547 2964 quod
1574 2916 1753 2964 congruit
1779 2929 1870 2953 cum
1894 2916 2021 2955 Corol.
2043 2920 2076 2954 1.
2140 2906 2148 2949 l
2173 2906 2180 2979 Ι
2210 2905 2218 2984 l
2251 2908 2257 2919 ¹
2297 2909 2312 2963 ll

1359 2966 1471 3004 dictae
1494 2968 1608 3016 Prop.
1635 2969 1841 3018 XLIX.).
2137 2952 2146 3027 l
2201 3010 2205 3026 Ι
2253 2925 2258 3030 Ι
2297 2960 2313 3029 is

1396 3020 1501 3057 Nam
1537 3022 1724 3059 stantibus
1759 3035 1846 3072 quoe
1877 3021 1916 3058 in
1959 3022 2075 3071 Prop.
2296 3016 2299 3029 ¹

1342 3073 1530 3111 XLVII.
1548 3083 1766 3111 constructa
1795 3082 1897 3119 sunt,
1927 3075 1957 3111 si
1978 3075 2079 3112 linea

1344 3126 1489 3175 quaevis
1508 3127 1663 3176 physica
1681 3127 1842 3177 singulis
1867 3127 2139 3165 vibrationibus
2167 3128 2386 3166 describena

1343 3179 1396 3216 do
1427 3179 1592 3227 spatium
1615 3180 1650 3217 P
1672 3180 1698 3217 S
1716 3188 1900 3230 urgeatur
1918 3179 1958 3217 in
1991 3181 2048 3218 itu
2076 3189 2115 3217 et
2141 3182 2266 3219 reditu
2294 3195 2318 3219 a
2344 3181 2382 3218 vi

1344 3232 1498 3269 elastica
1529 3244 1616 3282 quae
1647 3234 1766 3280 ipsius
1795 3232 1966 3280 ponderi,
2001 3241 2187 3283 aequetur,
2225 3242 2382 3284 peraget

1343 3285 1710 3323 semi-vibrationem
1737 3298 1815 3335 quo
1841 3294 2013 3333 tempore
2030 3298 2169 3334 corpus
2195 3287 2305 3324 cadet
2331 3299 2378 3324 ex

1341 3337 1546 3375 altitudine
1568 3338 1603 3375 P
1625 3338 1663 3380 S,
1693 3336 1867 3387 adeoque
1891 3339 2154 3384 vibrationem‚
2182 3353 2261 3390 quo
2279 3347 2378 3376 tem-

1339 3403 1432 3439 pore
1459 3402 1596 3438 corpus
1621 3403 1737 3441 grave
1764 3391 1915 3429 caderet
1933 3404 1978 3429 ex
1998 3391 2202 3430 altitudine
2228 3397 2254 3430 4
2276 3392 2312 3430 P
2333 3392 2373 3429 S.

1345 3444 1489 3488 Quare,
1509 3442 1596 3481 cum
1617 3452 1790 3491 tempora
1808 3444 2013 3482 descensus
2030 3444 2160 3482 sintin
2175 3444 2376 3492 subdupli-

1338 3504 1422 3534 cata
1435 3496 1582 3533 ratione
1601 3496 1889 3547 longitudinum
1905 3509 2183 3546 percursamm,
2199 3497 2265 3535 fiet
2278 3505 2376 3534 tem-

1341 3562 1415 3598 pus
1446 3549 1665 3586 vibrationis
1692 3550 1809 3587 unius
1839 3549 1888 3587 ad
1916 3558 2069 3598 tempus
2095 3550 2298 3588 descensus
2326 3563 2374 3587 ex

1341 3602 1543 3639 altitudine
1562 3602 1590 3652 ἦ
1614 3603 1664 3648 Α,
1695 3602 1734 3639 in
1754 3602 2017 3650 subduplicata
2039 3603 2184 3640 ratione
2203 3603 2374 3652 longitu-

1340 3654 1440 3691 dinis
1460 3660 1484 3691 4
1507 3655 1541 3692 P
1563 3655 1656 3693 sad
1674 3654 1700 3705 ᾗ
1723 3656 1774 3698 A,
1796 3668 1865 3693 seu
1885 3660 1908 3692 8
1930 3655 1964 3692 P
1987 3655 2079 3693 Sad
2102 3656 2153 3692 A.
2216 3656 2290 3693 Sed
2319 3655 2374 3691 vis

1339 3707 1416 3757 qua
1444 3708 1483 3744 in
1511 3708 1674 3758 singulis
1700 3708 1854 3757 punctis
1879 3716 2039 3758 urgetur
2057 3708 2243 3756 particula
2273 3709 2309 3746 E
2334 3708 2371 3744 G

1337 3768 1418 3797 erat
1435 3760 1483 3798 ad
1502 3761 1585 3812 ejus
1604 3761 1680 3797 vim
1700 3761 1931 3798 mediocrem
1960 3760 2165 3807 elasticam,
2195 3774 2239 3798 ut
2270 3761 2309 3798 K
2332 3761 2371 3797 N

1336 3834 1390 3844 —
1411 3813 1453 3850 H
1478 3814 1513 3850 L
1543 3826 1610 3850 seu
1646 3814 1687 3851 K
1711 3814 1750 3851 X
1780 3814 1841 3850 vel
1871 3814 1908 3851 Ο
1933 3814 1972 3850 R
1998 3813 2046 3850 ad
2076 3814 2127 3859 V,
2161 3821 2199 3851 et
2224 3813 2373 3850 visilia

1338 3865 1551 3912 mediocris,
1572 3867 1646 3904 hoc
1663 3875 1718 3905 cst
1737 3866 1889 3916 pondus
1901 3864 2126 3904 incumbens
2137 3879 2215 3918 quo
2233 3866 2372 3904 lineola
