2502 4192
0 3150 22 3381 ,aa-vaghvgcffi-pnpsss'
5 3135 9 3139 ,

141 290 323 340 Lim-„n
343 287 612 349 Saeuum]
667 286 1064 340 PRINCIPIA
1107 287 1724 344 MATHEMATICA.

2194 300 2294 347 117

138 428 206 482 ad
241 428 343 480 vim
378 427 731 494 centripetam,
785 438 835 479 et
871 428 978 480 vice
1023 428 1164 481 versa
1203 448 1272 483 ex
1317 430 1436 483 data
1476 431 1563 484 illa
1607 433 1946 501 proportione
1996 434 2151 486 datur
2193 435 2295 504 spi-

142 518 282 571 ralis·

211 609 371 661 Corol.
401 615 449 658 4.
498 606 702 675 Corpus
729 608 900 677 itaque
924 611 1099 680 gyrari
1131 613 1310 682 nequit
1340 613 1393 663 in
1417 611 1518 665 hac
1543 613 1737 682 spirali,
1778 614 1839 683 (Ζ)
1868 614 1967 665 nisi
1993 613 2084 665 ubi
2109 615 2184 665 vis
2211 632 2292 666 re-

138 698 382 750 sistentiae
419 697 588 748 minor
632 709 708 749 est
748 697 902 767 quam

139 786 409 839 dimidium
459 786 535 837 vis
586 787 898 854 centripetae.

138 874 200 943 (ὅ)
231 874 346 925 Fiat
370 874 658 925 resistentia
692 874 899 943 aequalis

137 962 350 1015 dimidio
383 963 458 1013 vis
496 962 809 1031 centripetae,
850 973 901 1015 et

136 1051 338 1120 spiralis
374 1051 643 1102 conveniet
679 1068 797 1102 cum
836 1053 897 1108 li-

135 1141 231 1195 nea
264 1141 401 1193 recta
444 1141 485 1192 P
515 1142 568 1204 S,
608 1141 763 1211 inque
798 1141 896 1193 hac

134 1232 272 1282 recta
300 1248 486 1299 corpus
514 1223 792 1281 descendet
829 1232 893 1282 ad

141 1331 374 1371 centrum
395 1320 453 1371 ea
475 1338 591 1370 cum
614 1320 892 1383 velocitate,

134 1428 250 1478 quae
266 1409 331 1460 sit
349 1408 415 1460 ad
434 1408 769 1471 velocitatem,
793 1409 893 1479 qua

132 1498 462 1567 probavimus
479 1497 532 1546 in
549 1498 896 1566 superioribus

131 1586 187 1637 in
223 1604 344 1637 casu
385 1584 646 1652 parabolae
674 1584 891 1653 (Theor.

135 1675 209 1727 X.
237 1674 358 1727 Lib.
386 1673 452 1738 I.)
497 1673 802 1726 descensum
844 1675 899 1725 in

130 1764 302 1817 medio
339 1783 444 1816 non
481 1765 748 1817 resistente
785 1765 914 1829 fieri,
963 1765 1027 1835 (b)
1054 1766 1107 1817 in
1134 1766 1491 1836 subduplicata
1530 1768 1728 1820 ratione
1767 1769 1975 1821 unitatis
2002 1771 2067 1821 ad
2094 1790 2275 1822 nume-

131 1874 246 1907 rum
272 1855 544 1909 binarium.

130 1957 223 2010 teS,
251 1956 403 2017 atque
428 1946 546 1999 ideo
572 1947 777 2001 dantur.

619 1857 678 1926 (⁰)
710 1857 780 1909 Et
803 1866 1038 1926 tempora
1055 1857 1329 1911 descensus
1371 1858 1455 1910 hic
1481 1869 1635 1910 erunt
1659 1859 1923 1927 reciproce
1950 1870 2007 1911 ut
2034 1860 2274 1913 velocita-

128 2088 241 2127 datur
258 2089 383 2139 specie
396 2090 636 2139 triangulum
653 2091 687 2129 P
705 2092 732 2129 S
750 2092 787 2130 Ο
804 2092 869 2142 (ex
884 2091 1008 2140 dem.)
1025 2099 1062 2130 et
1077 2089 1168 2131 inde
1221 2091 1418 2130 scribentis
1448 2091 1628 2132 velocitas
1646 2092 1686 2129 in
1706 2092 1844 2130 eodem
1862 2093 1949 2131 loco
1972 2093 2006 2130 P
2025 2094 2183 2144 aequalis
2212 2102 2268 2132 est

127 2142 240 2181 datur
257 2142 354 2180 ratio
384 2143 421 2181 Ο
444 2144 472 2182 S
489 2143 539 2181 ad
561 2145 597 2181 Ο
621 2144 668 2190 P,
698 2152 736 2183 et
755 2145 836 2182 vice
854 2144 960 2183 versa
980 2144 1069 2182 data
1096 2144 1168 2183 hac
1221 2145 1411 2183 velocitati
1442 2144 1612 2195 quacum
1641 2158 1780 2194 corpus
1807 2146 1846 2182 in
1878 2145 2007 2184 medio
2041 2160 2117 2184 non
2155 2148 2267 2184 resis-

127 2195 285 2238 ratione.
324 2195 436 2233 datur
466 2196 590 2245 specie
621 2197 862 2248 triangulum
898 2196 1165 2247 rectangulum

130 2248 166 2287 P
180 2249 207 2286 S
224 2248 275 2294 O,
296 2256 333 2286 et
352 2249 442 2286 hinc
454 2248 568 2286 datur
581 2250 751 2300 angulus
774 2250 807 2288 P
824 2251 862 2289 O
881 2251 907 2289 S
927 2251 1083 2300 aequalis
1097 2263 1164 2288 an-

125 2301 221 2350 gulo
244 2302 282 2346 Q
304 2301 339 2339 P
359 2301 386 2339 S
413 2314 528 2351 quem
556 2302 703 2350 spiralis
730 2315 819 2340 cum
847 2303 953 2340 radio
980 2303 1160 2348 continet,

126 2353 287 2404 ideoque
300 2354 414 2392 datur
427 2353 586 2403 spiralis.
621 2355 677 2393 Iis
690 2357 793 2393 enim
808 2355 907 2394 datis
918 2363 956 2394 et
968 2364 1162 2405 assumpto

125 2414 169 2445 ut
187 2407 280 2445 libet
297 2406 403 2445 radio
424 2408 452 2445 S
466 2407 512 2453 P,
532 2407 685 2445 dabitur
698 2410 931 2459 subtangens
945 2409 1090 2457 spiralis
1104 2410 1160 2447 lo·

124 2460 372 2510 garithmicae,
390 2472 460 2498 seu
476 2467 640 2512 tangens
657 2462 789 2513 anguli
823 2463 864 2507 Q
884 2463 918 2500 P
940 2462 976 2506 S,
1008 2470 1046 2500 et
1071 2463 1161 2502 hinc

124 2513 215 2551 dato
231 2513 376 2563 angulo
393 2513 528 2564 quovis
558 2516 589 2551 P
608 2514 636 2551 S
660 2515 709 2560 R,
737 2515 890 2554 dabitur
914 2514 1043 2553 radius
1073 2516 1099 2554 S
1121 2517 1160 2554 R

123 2578 214 2604 cum
233 2573 379 2615 puncto
401 2568 440 2604 R.
457 2565 498 2603 in
517 2566 644 2616 spirali
661 2569 791 2619 (153).

177 2630 238 2683 (ι)
261 2634 283 2656 ¹*
305 2633 393 2671 Nisi
415 2633 481 2670 ubi
506 2634 559 2671 vis
582 2635 800 2672 resistentioe
826 2635 952 2673 minor
980 2642 1045 2680 est,
1082 2635 1153 2673 &c.

126 2681 227 2722 cnm
247 2683 351 2721 enim
368 2685 425 2722 vis
442 2684 664 2723 resistentiae
681 2687 729 2725 sit
746 2686 796 2724 ad
814 2687 891 2724 vim
910 2687 1158 2736 centripetam

122 2744 166 2774 ut
183 2736 209 2788 ξ
230 2737 268 2775 Ο
286 2737 313 2775 S
330 2737 378 2775 ad
401 2738 438 2776 O
455 2738 500 2783 Ρ,
523 2745 561 2777 et
577 2738 626 2777 ad
644 2739 848 2778 dimidium
866 2740 923 2777 vis
941 2741 1159 2790 centripetae

121 2796 166 2827 ut
183 2789 212 2841 ἦ
229 2790 273 2830 Ο,
288 2790 318 2827 8-
332 2790 381 2828 ad
401 2790 426 2841 ἑ
448 2791 484 2829 Ο
509 2791 554 2837 P,
574 2804 642 2829 seu
660 2800 706 2830 ut
728 2794 764 2831 Ο
788 2795 814 2831 S
834 2793 882 2831 ad
904 2794 942 2831 O
965 2794 1011 2837 P,
1034 2794 1158 2844 sitque

121 2841 303 2892 trianguli
317 2844 530 2894 rectanguli
551 2844 586 2882 P
602 2846 628 2881 S
642 2845 677 2883 O
693 2846 824 2897 (Lem.
847 2846 956 2894 111.)
972 2859 1060 2884 crus
1077 2847 1113 2886 Ο
1130 2845 1157 2885 8

120 2895 249 2933 minus
265 2894 532 2945 hypothenusa
553 2897 590 2936 0
610 2898 655 2943 Ρ,
675 2899 921 2936 manifestum
936 2907 993 2937 est
1007 2899 1084 2937 vim
1098 2912 1158 2938 re-

120 2947 301 2986 sistentiae
319 2949 508 2987 minorem
527 2962 607 2988 esse
625 2949 787 2989 dimidia
805 2951 839 2989 vi
861 2950 1081 3001 centripeta.

173 3017 229 3070 (⁸)
252 3021 272 3044 ³¹⁵
295 3020 387 3058 Fiat
405 3022 611 3059 resistentia
630 3024 788 3072 aequalis
806 3023 960 3061 dimidio
988 3024 1042 3062 vis
1067 3036 1155 3063 cen-

117 3073 271 3121 tripetoe,
303 3072 372 3110 διε.
433 3070 608 3123 Ide6que
643 3074 680 3112 O
712 3075 739 3112 S
774 3075 930 3125 aequalis
963 3075 1000 3114 O
1033 3076 1079 3122 P,
1117 3084 1156 3114 et

117 3132 261 3172 puncto
283 3125 320 3163 O
334 3125 376 3162 in
394 3125 590 3163 infinitum
609 3128 785 3173 abeunte,
809 3128 874 3165 fiet
891 3128 928 3166 O
947 3128 1154 3177 Pperpen-

117 3176 296 3214 dicularis
310 3177 357 3215 ad
376 3179 402 3216 S
420 3178 468 3224 P,
480 3186 520 3216 et
533 3179 701 3230 angulus
719 3181 752 3218 P
768 3182 805 3218 O
825 3182 851 3218 S
864 3181 1013 3231 ipsique
1024 3193 1152 3232 aequa-

118 3228 164 3265 lis
181 3229 347 3279 angulus
376 3232 418 3276 Q
440 3232 471 3269 P
493 3232 520 3270 S
546 3245 661 3282 quem
677 3233 825 3281 spiralis
849 3234 1032 3280 continet,
1061 3247 1152 3272 cum

116 3280 223 3319 radio
244 3282 280 3320 P
296 3284 322 3320 S
340 3291 546 3330 evanescet,
567 3286 840 3337 convenietque
858 3285 1017 3335 proinde
1034 3287 1150 3337 spira-

116 3333 163 3371 lis
181 3347 271 3372 cum
289 3334 391 3374 linea
407 3336 510 3374 recta
530 3337 565 3375 P
584 3338 624 3375 S.

169 3406 224 3458 (b)
246 3410 267 3431 *
289 3410 341 3446 In
364 3406 626 3458 subduplicatd
651 3412 796 3449 ratione
815 3413 982 3450 unitatis.
1043 3411 1150 3450 Nam

117 3457 331 3509 (in‘Theor.
351 3461 406 3498 X.
428 3461 516 3499 Lib.
538 3462 596 3511 Ι.)
611 3464 779 3511 corporis
797 3464 837 3500 in
852 3464 980 3502 medio
998 3476 1077 3502 non
1089 3477 1149 3501 re-

114 3510 266 3550 sistente
282 3512 385 3552 recta
402 3512 574 3552 cadentis
592 3514 771 3553 velocitas
787 3516 829 3553 in
847 3516 932 3554 loco
949 3517 1085 3566 quovis
1113 3517 1150 3556 P

114 3564 270 3613 aequalis
296 3573 355 3604 est
380 3566 570 3604 velocitati
596 3566 673 3618 qua
690 3579 828 3618 corpus
854 3568 902 3607 ad
929 3569 1149 3608 distantiam

112 3615 311 3655 dimidiam
325 3631 348 3656 a
365 3626 509 3666 centro,
531 3632 599 3657 seu
619 3620 667 3657 ad
685 3619 904 3659 distantiam
923 3621 950 3673 ᾗ
972 3622 1000 3659 S
1021 3621 1056 3659 P
1073 3622 1147 3660 cir-

112 3667 245 3707 culum
264 3669 473 3709 describere
501 3680 646 3720 potest,
663 3681 702 3710 et
731 3675 816 3725 (per
838 3675 927 3713 Cor.
954 3680 986 3712 1.
1008 3674 1145 3725 hujus)

111 3721 280 3769 corporis
297 3722 336 3760 in
354 3723 482 3762 medio
500 3726 696 3763 resistente
722 3726 899 3775 spiralem
918 3739 986 3765 seu
1005 3735 1147 3766 rectam

115 3771 150 3811 P
171 3775 199 3814 S
225 3787 314 3814 cum
332 3775 411 3827 qua
428 3777 576 3829 spii-alis
592 3780 796 3817 convenire
823 3780 1052 3830 supponitur
1078 3779 1147 3820 de-

1221 2205 1326 2236 tente
1357 2199 1483 2249 gyrari
1511 2206 1636 2248 potest
1662 2199 1702 2235 in
1736 2199 1880 2236 circulo
1900 2199 1948 2236 ad
1968 2200 2158 2250 integram
2186 2200 2265 2238 dis-

1218 2251 1378 2289 tantiam
1401 2252 1428 2290 S
1451 2252 1495 2289 Ρ.
1558 2251 1633 2289 Sed
1653 2252 1872 2289 velocitates
1898 2265 2109 2301 corporum
2138 2253 2263 2290 diver-

1219 2317 1279 2341 sos
1309 2304 1473 2342 circulos
1505 2304 1802 2343 describentium
1837 2306 1897 2357 (in
1927 2306 2126 2354 hypothesi
2156 2305 2263 2356 qudd

1215 2357 1313 2395 vires
1340 2358 1558 2406 centripetae
1585 2365 1676 2395 sunt
1702 2357 1893 2406 reciproce
1923 2366 1966 2395 ut
1989 2358 2174 2408 quadrata
2199 2372 2260 2396 ra·

1216 2410 1386 2460 diorum)
1408 2419 1499 2448 sunt
1517 2411 1616 2447 inter
1634 2424 1674 2448 se
1692 2410 1885 2459 reciproce
1909 2412 1950 2447 in
1978 2412 2174 2449 radiorum
2199 2425 2258 2450 ra-

1215 2463 1321 2501 t10ne
1348 2462 1616 2512 subduplicata
1646 2467 1733 2515 (pro
1760 2476 1928 2501 convers.
1957 2464 2046 2503 Cor.
2072 2470 2108 2503 6.
2136 2465 2254 2514 Prop.

1216 2516 1292 2555 IV.
1319 2517 1404 2554 Lib.
1433 2518 1490 2564 1.)
1520 2516 1692 2566 adedque
1720 2516 1899 2554 velocitas
1917 2516 1957 2553 in
1976 2517 2122 2556 circulo
2146 2519 2260 2568 cujus

1213 2569 1343 2608 radius
1373 2571 1399 2607 S
1422 2570 1456 2607 P
1483 2578 1540 2608 est
1566 2569 1615 2607 ad
1634 2570 1872 2608 velocitatem
1901 2571 1942 2607 in
1974 2570 2119 2608 circulo
2146 2574 2258 2622 cujus

1212 2623 1341 2661 radius
1368 2623 1395 2673 ἑ
1418 2624 1444 2661 S
1465 2624 1510 2669 P,
1544 2632 1589 2660 ut
1619 2626 1670 2672 4!
1694 2622 1721 2674 ἦ
1748 2623 1797 2660 ad
1828 2625 1879 2671 4!
1910 2627 1940 2666 l,
1974 2623 2053 2661 sive
2080 2632 2125 2662 ut
2157 2629 2171 2661 1
2205 2626 2253 2662 ad

1214 2678 1267 2727 μ
1292 2681 1329 2721 2,
1361 2676 1432 2713 erit
1460 2689 1552 2725 ergo
1580 2677 1758 2713 velocitas
1784 2675 1952 2725 corporis
1978 2676 2019 2713 in
2047 2676 2176 2714 medio
2194 2690 2254 2715 re-

1212 2730 1368 2767 sistente
1394 2742 1462 2778 per
1479 2736 1622 2766 rectam
1654 2729 1689 2767 P
1712 2730 1738 2766 S
1765 2728 2029 2767 descendentis
2046 2728 2096 2766 ad
2114 2730 2253 2768 veloci-

1211 2788 1328 2820 tatem
1347 2782 1613 2820 descendentis
1638 2782 1679 2818 in
1707 2782 1835 2819 medio
1863 2795 1941 2819 non
1961 2782 2159 2820 resistente
2185 2796 2254 2832 pcr

1211 2843 1353 2873 rectam
1372 2836 1532 2873 eandem
1554 2843 1592 2873 et
1609 2834 1650 2871 in
1670 2837 1805 2872 eodem
1821 2834 1907 2874 loco
1928 2835 1964 2873 P
1983 2834 2191 2883 existentis,
2206 2844 2249 2875 ut

1214 2888 1434 2940 ladff2.
1499 2887 1667 2932 Q.e.d.

1265 2963 1287 2986 ¹*
1314 2960 1608 2999 Observandum
1624 2959 1713 2999 ver&
1727 2959 1832 3010 qndd
1846 2961 2065 3003 velocitates
2084 2961 2249 3000 initiales

1211 3014 1393 3065 utrinque
1420 3013 1563 3051 debent
1589 3027 1670 3052 esse
1694 3014 1909 3053 secundnm
1937 3016 2063 3065 legem
2091 3028 2178 3064 quae
2206 3015 2247 3053 in

1208 3067 1357 3117 reliquo
1387 3075 1493 3104 motu
1524 3068 1680 3113 obtinet,
1710 3068 1782 3105 hoc
1802 3075 1858 3105 est
1884 3067 2064 3106 velocitas
2090 3068 2249 3106 initialis

1208 3119 1248 3156 in
1266 3120 1395 3158 medio
1422 3120 1619 3157 resistente
1645 3133 1727 3157 esse
1753 3119 1870 3159 debet
1888 3120 2045 3170 aequalis
2063 3121 2248 3159 celeritati

1206 3171 1286 3223 qua
1316 3185 1455 3221 corpus
1480 3172 1530 3210 ad
1558 3172 1732 3210 eamdem
1759 3186 1784 3210 a
1810 3181 1941 3211 centro
1959 3172 2176 3211 distantiam
2204 3174 2247 3212 in

1206 3225 1334 3263 medio
1352 3238 1430 3263 non
1449 3225 1643 3263 resistente
1661 3225 1850 3263 circulum
1864 3226 2103 3273 describeret,
2125 3234 2165 3265 et
2181 3240 2247 3265 ve-

1206 3276 1339 3316 locitas
1364 3278 1519 3316 initialis
1537 3278 1578 3315 in
1596 3278 1726 3317 medio
1752 3291 1833 3316 non
1860 3279 2057 3318 resistente
2089 3281 2248 3329 aequalis

1206 3343 1286 3369 esse
1312 3331 1427 3369 debet
1452 3331 1642 3370 velocitati
1668 3331 1746 3381 qua
1772 3344 1910 3380 corpus
1927 3332 1976 3370 ad
1995 3332 2194 3371 dimidiam
2222 3348 2246 3371 a

1205 3393 1336 3422 centro
1354 3383 1572 3422 distantiam
1591 3384 1633 3422 in
1651 3384 1779 3423 medio
1797 3398 1876 3423 non
1894 3386 2094 3424 resistente
2112 3387 2154 3424 in
2172 3388 2246 3425 cir-

1203 3436 1292 3474 culo
1311 3437 1580 3475 revolveretur.

1259 3502 1456 3548 Quoniam
1488 3502 1617 3553 itaque
1644 3502 1823 3542 velocitas
1849 3504 2017 3553 corporis
2047 3505 2086 3541 in
2115 3504 2243 3542 medio

1203 3566 1281 3592 non
1313 3555 1511 3593 resistente
1543 3555 1807 3595 descendentis
1835 3556 1948 3596 datur
1981 3561 2067 3608 (per
2097 3558 2237 3594 Theor.

1204 3607 1260 3645 X.
1287 3608 1373 3646 Lib.
1395 3608 1452 3657 Ι.)
1473 3607 1625 3646 dabitur
1642 3609 1758 3647 etiam
1776 3609 1957 3650 velocitas
1976 3610 2016 3647 in
2035 3610 2163 3647 medio
2182 3622 2242 3647 re-

1201 3660 1356 3699 sistente
1374 3660 1653 3700 descendentis.

1255 3728 1311 3779 (ο)
1334 3731 1354 3753 ²*
1379 3729 1431 3767 Ει
1452 3735 1619 3779 tempora
1632 3729 1842 3777 descensiis,
1861 3732 2047 3769 hierem-nt
2059 3728 2243 3778 reciproce

1202 3790 1244 3834 ut
1264 3783 1478 3829 velocitates,
1498 3782 1611 3835 atqu&
1629 3782 1710 3824 ide&
1728 3787 1887 3824 dantur.
1921 3784 2025 3821 Nam
2045 3793 2242 3822 momenta

1131 3853 1220 3891 113
