2502 4192
227 263 330 309 286

767 243 1331 322 PHILOSOPHIAE
1372 239 1824 294 NATURALIS

1913 235 2090 301 [MoT.
2111 234 2362 285 CORPOR.

304 403 466 454 Corol.
510 399 653 449 Hinc
678 405 820 465 patet
845 392 985 463 quod
1011 407 1255 441 numerus
1279 387 1522 456 pulsuum
1548 392 1952 453 propagatorum
1990 380 2128 431 idem
2154 379 2219 429 sit
2244 397 2363 428 cum

229 509 445 545 numero
470 488 813 540 vibrationum
839 482 1068 550 corporis
1095 479 1317 540 tremuli,
1358 495 1526 546 neque
1564 473 1933 543 multiplicatur
1958 472 2010 522 in
2037 489 2215 522 eorum
2240 487 2362 537 pro-

230 651 346 689 tionis
364 659 528 698 tempus,
548 647 624 684 sive
639 653 762 682 totum
778 650 932 690 tempus
949 652 1027 690 quo
1044 637 1180 686 pulsus
1190 637 1268 674 sor-

230 713 360 742 matur
386 703 434 740 ad
462 713 596 739 omnes
622 696 827 746 particulas
845 707 932 744 quae
950 693 1107 741 pulsum
1129 690 1267 728 consti-

231 764 360 802 tuunt,
382 757 443 801 ita,
452 754 577 802 portio
595 751 739 801 quaevis
757 749 840 799 ejus
859 746 1042 793 temporis
1061 743 1109 781 ad
1129 756 1268 780 nume-

228 823 316 846 rum
355 806 630 857 particularum
666 815 754 853 quae
790 799 837 839 ea
874 798 1058 848 temporis
1093 796 1268 846 portione

230 871 381 899 motum
400 865 636 907 receperunt.

283 954 348 987 53.
383 949 440 986 Ut
458 945 596 983 melius
609 946 748 982 horum
763 954 852 980 curn
871 937 1134 978 Newtonianis
1149 949 1270 973 nexus

229 1009 368 1051 pateat,
397 1001 459 1038 hic
487 999 696 1048 adjungere
723 996 831 1033 lubet
861 994 974 1041 Prop.
1002 991 1169 1029 XLIX.
1202 989 1267 1026 de-

230 1054 546 1092 monstrationem
566 1064 611 1088 ex
635 1048 823 1087 XLVII.
850 1047 1106 1093 desumptam,
1133 1055 1268 1092 quam.

229 1109 287 1144 vis
304 1107 367 1144 vix
387 1107 532 1143 diversa
551 1104 599 1140 sit
617 1106 663 1141 ab
684 1103 727 1139 iis
745 1114 832 1152 quae
849 1100 890 1136 in
909 1101 991 1147 ipso
1006 1104 1111 1135 textu
1130 1096 1268 1144 legun-

229 1169 305 1204 tur,
340 1168 378 1197 et
409 1159 533 1208 primo
564 1156 733 1206 quidem,
768 1154 817 1191 sit
849 1153 884 1191 P
915 1153 941 1189 S
970 1150 1135 1199 spatium
1166 1147 1269 1197 quod

230 1214 327 1250 fibra
361 1212 439 1248 una
470 1210 681 1247 vibratione
713 1206 842 1244 eundo
870 1203 1069 1253 percurrit,
1109 1214 1153 1238 ex
1185 1202 1269 1250 ejus

230 1266 360 1303 medio
383 1266 419 1303 O
441 1272 485 1301 ut
503 1270 633 1300 centro
652 1260 887 1298 describatur
905 1257 1070 1295 circulus
1093 1255 1127 1292 P
1145 1254 1185 1291 K
1202 1255 1227 1291 S
1243 1254 1269 1290 k

231 1320 316 1369 ejus
335 1315 641 1355 circumferentia
659 1319 902 1361 repraesentet
914 1318 1037 1347 totum
1051 1298 1269 1345 vibrzstionis

230 1384 279 1409 ex
307 1372 362 1408 itu
385 1379 422 1407 et
439 1369 564 1406 reditu
593 1365 812 1414 compositae
838 1371 1003 1412 tempuS,
1038 1368 1161 1409 partes
1187 1360 1270 1409 ejus

231 1422 548 1461 circumferentia-2
568 1428 611 1457 ut
633 1420 673 1456 K
697 1419 740 1456 H
756 1417 1080 1466 repraesentabunt
1096 1422 1268 1460 tempora

229 1477 371 1527 quibus
403 1475 498 1512 fibra
533 1486 601 1521 per
633 1472 801 1520 spatium
832 1467 1130 1517 correspondens
1160 1466 1200 1503 N
1232 1466 1267 1502 L

230 1529 469 1574 movebitur;
501 1527 545 1564 H
568 1527 617 1571 L,
650 1525 691 1562 K
713 1524 754 1561 N
782 1522 1109 1571 repraesentabunt
1127 1518 1266 1555 veloci-

228 1591 325 1619 tates
343 1582 448 1625 filprae
467 1580 506 1616 in
526 1578 678 1627 punctis
704 1578 744 1614 N
764 1583 802 1614 et
822 1576 870 1621 L,
901 1583 938 1612 et
968 1574 1011 1611 H
1034 1573 1070 1610 L
1088 1594 1142 1602 —
1163 1572 1204 1608 K
1227 1572 1267 1608 N

228 1635 477 1672 velocitatum
496 1634 731 1669 incrementa
758 1628 818 1666 vel
845 1627 1096 1670 decrementa,
1127 1624 1266 1661 actioni

231 1687 375 1725 elaterii
408 1687 514 1723 fibrae
541 1682 850 1732 proportionalia,
876 1682 960 1717 haec
987 1678 1116 1716 omnia
1134 1683 1266 1726 patent

229 1754 277 1778 ex
298 1741 415 1788 I'rop.
443 1735 712 1776 XXXVIII.
736 1744 774 1772 et
794 1734 870 1772 LI.
904 1732 993 1771 Lib.
1016 1732 1052 1769 Ι.

228 1847 230 1851 ·
284 1833 323 1866 2.
357 1829 413 1865 Sit
436 1828 470 1867 B
495 1828 525 1865 C
546 1824 750 1876 longitudo
768 1822 916 1872 pulsus,
937 1829 975 1859 et
993 1821 1140 1858 dicatur
1156 1820 1194 1857 V
1207 1833 1266 1857 ra-

231 1882 319 1919 dius
346 1881 477 1918 circuli
507 1879 619 1928 cujus
646 1874 965 1915 circumferentia>
983 1874 1049 1911 illa
1067 1873 1271 1922 longitudo

234 1936 271 1973 B
295 1935 327 1972 C
355 1933 511 1983 aqualis
531 1932 641 1975 foret,
671 1930 758 1967 dico
777 1928 880 1978 quod
908 1928 964 1964 vis
992 1925 1174 1964 naturalis
1193 1926 1269 1963 ela-

231 1987 317 2024 terii
344 1986 463 2023 medii
492 1992 573 2022 erat
591 1984 639 2021 ad
659 1983 736 2018 vim
765 1980 1066 2018 acceleratricem
1093 1979 1200 2016 fibrae
1226 1985 1272 2016 ut.

232 2034 867 2077 v-KNadHL—KN.

287 2129 374 2167 Sint
392 2127 495 2165 enim
515 2126 593 2164 duo
611 2130 756 2173 puncta
776 2123 813 2161 E
835 2129 874 2160 et
897 2122 934 2160 G
955 2121 995 2158 in
1015 2134 1085 2158 suo
1106 2118 1269 2158 naturali
1282 2115 1319 2153 Ω

230 2182 306 2219 situ
327 2182 367 2218 in
387 2180 516 2217 medio
534 2178 702 2223 elastico‚
731 2189 818 2226 quae
837 2183 923 2224 post
942 2174 1100 2224 aliquod
1121 2183 1274 2221 tempus

228 2235 271 2271 in
299 2235 391 2272 locis
410 2250 422 2271 ε
442 2240 481 2269 et
500 2250 527 2280 oy
545 2238 761 2275 occurrant,
796 2236 973 2275 suscepto
1001 2239 1140 2274 nempe
1159 2234 1270 2262 motu

229 2287 338 2323 fibrae
367 2284 579 2323 secundum
598 2283 702 2333 leges
721 2296 744 2319 a
763 2280 872 2318 nobis
891 2280 1090 2327 expositas,
1122 2278 1276 2328 singula

229 2339 389 2377 seorsim
404 2337 584 2376 eumdem
598 2342 749 2372 motum
764 2347 808 2371 ac
824 2333 918 2371 fibra
933 2334 1142 2377 habebunt,
1165 2331 1273 2368 ideo·

230 2404 307 2442 que
339 2392 370 2428 si
401 2398 598 2438 sumptum
627 2388 744 2425 fuerit
776 2387 812 2424 E
834 2403 847 2425 ι
865 2403 921 2422 =
945 2386 980 2423 P
1002 2386 1038 2423 L
1067 2385 1137 2421 erit
1174 2385 1206 2421 P
1231 2383 1273 2420 H

230 2452 385 2493 tempus
420 2444 592 2491 elapsum
626 2454 649 2478 a
675 2447 872 2478 momento
903 2451 981 2489 quo
1007 2446 1200 2486 punctum
1231 2437 1268 2474 E

234 2505 386 2534 motum
406 2496 509 2533 fibrae
528 2494 694 2542 suscepit
711 2501 750 2531 et
768 2494 839 2530 erit
860 2492 903 2529 H
927 2492 961 2529 L
981 2491 1064 2541 ejus
1091 2490 1270 2527 velocitas

229 2549 272 2586 in
295 2566 318 2592 ι,
342 2549 483 2597 pariter
510 2548 557 2589 sit
590 2548 627 2585 G
648 2564 676 2595 y
693 2562 750 2582 =
774 2546 809 2582 P
829 2546 870 2583 N
898 2544 969 2582 erit
1000 2544 1034 2581 P
1057 2543 1098 2580 K
1117 2551 1270 2592 tempus

229 2602 403 2651 elapsum
422 2615 444 2638 a
462 2607 659 2637 momento
678 2600 755 2649 q'uo
778 2599 815 2636 G
835 2605 983 2634 motum
1010 2596 1116 2634 fibrae
1142 2609 1267 2633 susce-

231 2655 299 2703 pit,
321 2663 359 2691 et
377 2655 447 2692 erit
468 2654 509 2691 K
533 2654 572 2690 N
591 2654 673 2703 ejus
691 2652 870 2690 velocitas
887 2650 926 2687 in
948 2668 988 2699 ιγ,
1017 2650 1092 2686 sint
1111 2647 1200 2686 ver&
1230 2649 1266 2686 E

231 2716 271 2744 et
295 2708 330 2744 G
359 2716 505 2756 puncta
531 2706 730 2754 proxima;
764 2705 995 2751 compressio
1025 2703 1136 2751 spatii
1166 2702 1202 2739 E
1229 2702 1267 2740 G

230 2760 298 2797 ubi
317 2760 358 2796 iu
379 2776 391 2797 ε
412 2777 440 2808 ey
469 2759 639 2807 pervenit
665 2758 784 2794 oritur
811 2770 857 2793 ex
877 2770 922 2793 eo
941 2755 1044 2806 quod
1063 2755 1150 2803 plus
1176 2767 1264 2802 pro-

230 2813 341 2850 cessit
360 2829 372 2850 ε
392 2824 508 2862 quam
530 2829 569 2860 γ,
590 2811 719 2860 itaque
739 2809 945 2847 diminutio
964 2810 1046 2859 ejus
1065 2808 1174 2856 spatii
1194 2808 1264 2845 erit

231 2865 389 2914 aequalis
417 2866 538 2913 spatio
568 2864 603 2901 L
634 2864 685 2906 N,
717 2862 881 2912 ideoque
914 2879 927 2900 ε
948 2879 976 2911 ιγ
1008 2862 1077 2899 erit
1108 2861 1265 2911 aequalis

232 2917 271 2955 E
308 2919 345 2955 G
371 2939 426 2948 ·-
454 2918 490 2954 L
525 2918 578 2962 N,
615 2923 735 2966 utque
772 2915 867 2952 vires
903 2916 1043 2965 quibus
1078 2922 1265 2962 urgentur

231 2978 374 3018 puncta
392 2970 521 3015 medii,
538 2982 670 3006 eorum
690 2968 866 3006 densitati
886 2976 943 3005 est
961 2966 1263 3016 proportionalis,

231 3022 287 3059 vis
305 3031 384 3059 tota
402 3021 480 3072 qua
499 3029 659 3072 urgetur
687 3030 877 3070 punctum
897 3038 926 3071 »y
944 3030 1001 3058 cst
1019 3020 1067 3057 ad
1086 3032 1170 3057 earn
1189 3019 1266 3069 qua

231 3077 442 3125 urgebatur
472 3082 661 3123 punctum
698 3075 734 3112 G
765 3075 869 3125 (quae
893 3083 973 3111 erat
1000 3073 1057 3109 vis
1083 3072 1267 3110 naturalis

232 3127 394 3177 elaterii)
426 3127 572 3166 inverse
594 3135 638 3165 ut
671 3128 838 3176 spatium
859 3143 872 3165 ε
893 3144 921 3176 7
939 3127 989 3164 ad
1009 3126 1046 3163 E
1071 3126 1107 3163 G
1128 3138 1194 3163 seu
1223 3132 1268 3162 ut

232 3201 590 3298 §lb-:ffiad
612 3202 724 3301 Esso·
788 3228 864 3267 Sed
890 3237 948 3267 est
973 3227 1267 3267 LNadKH

233 3336 278 3366 ut
299 3328 320 3366 I
343 3329 391 3365 M
411 3329 457 3365 ad
477 3330 625 3369 radium
657 3331 692 3368 P
714 3330 764 3373 Ο,
795 3336 833 3366 et
850 3341 940 3366 cum
963 3328 1004 3366 K
1027 3328 1071 3365 H
1092 3327 1265 3377 designet

232 3381 476 3418 intervallum
505 3383 686 3430 temporis
703 3395 781 3433 quo
800 3381 934 3430 pulsus
953 3394 975 3418 a
992 3389 1137 3429 puncto
1159 3381 1195 3418 E
1216 3380 1265 3418 ad

232 3442 421 3482 punctum
445 3435 482 3472 G
510 3437 692 3482 pervenit,
721 3444 777 3472 est
805 3438 890 3484 (per
908 3447 945 3470 n.
971 3434 1057 3482 32.)
1081 3434 1121 3471 K
1147 3434 1189 3471 H
1217 3432 1267 3471 ad

237 3487 274 3524 E
299 3488 333 3524 G
365 3495 408 3524 ut
435 3496 514 3525 tota
541 3488 847 3525 circumferentia
879 3487 912 3524 P
935 3487 975 3524 K
1000 3487 1026 3524 S
1045 3487 1071 3523 k
1089 3487 1135 3523 ad
1161 3487 1195 3524 B
1220 3487 1263 3530 C.

234 3540 313 3577 sive
333 3548 375 3577 ut
399 3540 432 3577 P
454 3541 490 3578 Ο
511 3542 559 3578 ad
583 3541 646 3585 V;
678 3553 769 3589 ergo
799 3552 844 3576 ex
874 3552 985 3589 aequo
1013 3548 1069 3577 est
1101 3539 1137 3577 L
1160 3541 1199 3576 N
1218 3539 1267 3576 ad

237 3592 275 3630 E
301 3593 336 3630 G
358 3601 401 3630 ut
426 3594 443 3631 Ι
465 3594 513 3631 M
533 3593 582 3632 ad
605 3593 641 3630 V
661 3600 699 3630 et
716 3592 970 3630 convertendo
991 3593 1028 3630 E
1046 3593 1083 3630 G
1101 3615 1154 3623 —-
1174 3593 1210 3631 L
1228 3592 1269 3630 N

236 3675 343 3714 adE
368 3650 1273 3750 θυιν-ῙΜαᾱνῑᾱεόςυεΕιθῑ-ῖῆ

317 3766 329 3798 ι
579 3769 593 3801 1
765 3766 783 3800 1

238 3806 249 3830 ε
272 3816 374 3864 E—G-
394 3812 450 3832 r:
475 3830 508 3865 V
529 3850 582 3858 —
604 3829 624 3866 l
650 3832 694 3866 M
716 3811 726 3835 ι
750 3818 799 3866 -V-
820 3807 863 3833 ac
882 3808 950 3845 per
968 3809 1205 3847 consequens
1218 3796 1274 3835 vis

1322 642 1401 673 tota
1418 633 1496 685 qua
1524 640 1685 684 urgetur
1712 639 1900 681 punctum
1921 648 1949 681 ιγ
1968 638 2024 668 est
2041 629 2090 668 ad
2109 630 2186 667 vim
2206 636 2359 666 natura-

1321 720 1399 757 lem
1428 720 1572 757 elaterii
1590 727 1634 757 ut
1753 690 1768 723 l
1897 717 1946 755 ad
1964 688 2029 753 —l—.

1656 752 1693 788 V
1712 774 1766 780 —
1787 752 1807 787 I
1831 750 1878 787 M
1979 750 2016 787 V

1378 806 1448 842 Vis
1477 805 1542 842 illa
1570 813 1650 843 tota
1675 803 1751 854 qua
1779 811 1941 852 urgetur
1965 810 2155 852 punctum
2176 820 2204 852 ry
2224 810 2279 839 est
2306 804 2362 841 vis

1322 859 1508 895 naturalis
1532 858 1674 895 elaterii
1696 856 1810 893 medii
1839 857 1901 893 cui
1929 855 2169 905 superaddita
2198 864 2253 893 est
2281 866 2362 894 tota

1323 911 1380 948 vis
1411 912 1548 948 motrix
1581 912 1685 948 flbrae
1703 923 1789 959 quae
1817 909 1865 945 ad
1893 909 1931 946 id
1959 918 2148 957 punctum
2177 912 2358 956 pervenit,

1323 977 1416 1013 ergo
1435 964 1641 1001 dividendo
1660 973 1698 1000 et
1715 963 1934 1000 reducendo
1953 963 2000 1000 ad
2021 974 2267 1000 communem
2288 962 2354 1000 de—

1322 1017 1613 1058 nominatorem‚
1645 1016 1700 1053 vis
1718 1016 1855 1052 motrix
1876 1015 1981 1053 fibrae
2000 1016 2040 1052 in
2059 1024 2202 1065 puncto
2222 1015 2272 1061 N,
2303 1022 2360 1055 est

2211 1132 2350 1301 llll!

1322 1069 1371 1107 ad
1391 1072 1466 1106 vim
1487 1070 1700 1107 naturalem
1729 1069 1869 1106 elaterii
1898 1077 1941 1106 ut

1326 1123 1345 1160 I
1370 1122 1485 1160 Mad
1516 1122 1749 1167 v-IM,
1777 1122 1855 1159 sive
1879 1122 1939 1158 in-

1323 1175 1518 1220 vertendo‚
1548 1176 1604 1212 vis
1623 1174 1805 1213 naturalis
1824 1175 1939 1212 elate-

1322 1229 1368 1265 rii
1388 1228 1434 1266 ad
1450 1229 1526 1265 vim
1541 1236 1660 1266 totam
1676 1228 1874 1265 motricem
1894 1227 1939 1264 fi-

1322 1284 1400 1319 brae
1419 1282 1459 1317 in
1478 1290 1623 1329 puncto
1640 1282 1680 1319 N
1697 1289 1739 1318 ut
1752 1281 1843 1317 V—
1857 1281 1877 1317 I
1893 1281 1941 1318 M

1323 1335 1370 1372 ad
1392 1336 1410 1372 I
1430 1335 1488 1378 M,
1507 1335 1565 1371 vel
1581 1334 1671 1384 quia
1687 1335 1707 1372 I
1727 1335 1774 1371 Μ
1789 1341 1826 1371 et
1841 1334 1881 1371 K
1902 1336 1941 1372 N

1323 1400 1392 1436 pro
1420 1401 1459 1425 se
1487 1395 1624 1425 mutuo
1652 1388 1753 1424 sumi
1779 1396 1939 1435 possunt

1321 1442 1387 1478 ubi
1403 1449 1547 1488 puncta
1564 1441 1603 1478 N
1619 1448 1657 1478 et
1673 1441 1708 1478 L
1721 1448 1812 1477 sunt
1825 1453 1939 1488 prox-

1322 1494 1401 1532 ima
1433 1502 1490 1530 est
1525 1494 1579 1530 vis
1607 1494 1790 1531 naturalis
1822 1493 1939 1531 elate-

1321 1547 1367 1583 rii
1396 1546 1445 1584 ad
1473 1547 1551 1583 vim
1584 1554 1703 1584 totam
1740 1549 1940 1584 motricem

1321 1599 1480 1637 fibraeut
1490 1600 1727 1636 v-KNad
1741 1600 1780 1636 K
1793 1600 1853 1644 N;
1873 1600 1940 1637 sed

1321 1653 1377 1689 vis
1387 1660 1465 1689 tota
1474 1653 1612 1689 mou-ix
1624 1653 1727 1689 fibrae
1740 1661 1794 1689 est
1803 1652 1851 1689 ad
1860 1653 1937 1689 vim

1320 1706 1403 1755 ejus
1437 1705 1738 1742 acceleratricem
1777 1705 1939 1743 durante

1320 1757 1561 1808 tempusculo
1582 1758 1625 1796 K
1647 1759 1690 1796 H
1712 1766 1756 1796 ut
1777 1758 1819 1795 K
1836 1759 1875 1796 N
1891 1758 1940 1795 ad

2000 1228 2001 1231 κ
2024 1136 2067 1299 ll
2083 1132 2178 1301 111le

1326 2612 1370 2649 H
1386 2611 1421 2649 L
1435 2633 1489 2642 —
1506 2610 1548 2648 K
1566 2610 1618 2655 N,
1640 2622 1732 2660 ergo
1749 2621 1797 2646 ex
1813 2621 1936 2659 aequo,
2015 2558 2032 2739 ι.

1322 2672 1379 2702 est
1411 2665 1466 2702 vis
1496 2663 1680 2700 naturalis
1713 2662 1857 2699 elaterii
1889 2662 1938 2699 ad

1321 2718 1400 2754 vim
1434 2716 1732 2754 acceleratricem
1762 2715 1869 2751 fibrae
1895 2722 1940 2752 ut:

1319 2770 1426 2807 V—
1447 2770 1489 2807 K
1511 2768 1619 2807 Nad
1641 2767 1933 2820 HL‚—KN.

1326 2824 1378 2868 Q.
1402 2837 1437 2861 e.
1458 2823 1495 2860 d.

1371 2882 1409 2914 5.
1461 2876 1511 2913 In
1549 2875 1631 2924 ipso
1670 2873 1797 2911 motfis
1834 2873 1939 2911 fibrae

1319 2930 1442 2975 initio,
1459 2929 1514 2966 vis
1526 2928 1669 2966 elaterii
1681 2928 1789 2965 fluidi
1804 2927 1845 2963 in
1860 2935 1936 2963 sta-

1319 2991 1364 3020 tu
1394 2995 1465 3019 suo
1500 2981 1664 3019 naturali
1696 2989 1753 3017 est
1780 2980 1828 3017 ad
1860 2980 1937 3016 vim

1321 3035 1622 3073 acceleratricem
1642 3034 1748 3071 fibrae
1766 3041 1810 3071 ut
1831 3033 1869 3070 V
1888 3031 1937 3069 ad

1324 3089 1368 3126 H
1388 3089 1453 3133 K;
1474 3100 1564 3125 nam
1585 3088 1668 3135 ipso
1685 3094 1814 3123 motus
1828 3084 1937 3122 initio

1321 3142 1353 3179 si
1371 3142 1407 3180 P
1423 3142 1463 3179 H
1480 3142 1528 3178 sit
1541 3139 1689 3177 infinite
1704 3151 1874 3187 parvum,
1891 3151 1936 3175 ac

1321 3208 1388 3242 per
1407 3206 1643 3243 consequens
1661 3194 1774 3230 etiam
1793 3191 1830 3228 E
1848 3206 1859 3227 ι
1876 3191 1935 3227 ἰη-

1320 3247 1429 3285 finite
1455 3259 1614 3296 parvum
1644 3245 1777 3282 nullus
1808 3243 1936 3281 adhuc

1321 3308 1450 3338 motus
1475 3299 1525 3337 ad
1554 3298 1779 3347 particulam
1809 3296 1936 3345 proxi-

1319 3366 1424 3391 mam
1449 3354 1486 3391 G
1512 3352 1822 3389 communicatur
1850 3351 1938 3398 (per
2027 3322 2054 3413 Η
2072 3323 2077 3414 Ι
2095 3323 2100 3413 Ι
2119 3322 2124 3414 ι
2215 3323 2222 3408 1
2241 3322 2246 3410 Ι

1320 3419 1358 3443 n.
1382 3405 1443 3455 4.)
1464 3418 1556 3454 ergo
1574 3403 1733 3441 omnino
1752 3403 1940 3441 evanescit

1324 3456 1613 3507 KNideoque
1638 3456 1808 3494 V—K
1833 3457 1938 3493 N=
2221 3456 2245 3462 ”“

1323 3511 1374 3554 V,
1395 3518 1434 3549 et
1454 3512 1497 3549 H
1521 3512 1556 3549 L
1575 3532 1627 3540 -
1649 3509 1689 3548 K
1712 3510 1753 3547 N
1771 3525 1828 3545 =
1851 3509 1895 3546 H
1918 3508 1952 3545 L
1981 3509 2047 3547 sed
2074 3522 2184 3548 arcus
2210 3506 2359 3545 infinite

1322 3577 1462 3613 parvus
1493 3573 1531 3601 et
1560 3565 1643 3615 ejus
1674 3564 1783 3599 sinus
1812 3568 2018 3611 aequantur,
2043 3574 2132 3611 ergo
2172 3561 2215 3599 H
2247 3562 2281 3598 L
2300 3576 2357 3596 =

1326 3618 1370 3654 H
1394 3617 1459 3663 K;
1494 3629 1586 3667 ergo
1615 3616 1680 3652 vis*
1696 3615 1839 3652 elaterii
1859 3612 1968 3651 fluidi
1998 3619 2035 3652 ir.
2060 3621 2163 3654 ,statu
2195 3613 2358 3650 naturali

1324 3677 1381 3708 est
1398 3670 1447 3708 ad
1465 3670 1542 3707 vim
1562 3668 1863 3706 acceleratricem
1883 3667 1989 3705 fibrae
2015 3668 2097 3716 ipso
2122 3667 2205 3718 ejus
2232 3674 2361 3703 motus

1325 3723 1437 3760 initio
1462 3730 1507 3760 ut
1528 3723 1567 3760 V
1586 3722 1634 3759 ad
1656 3722 1699 3759 H
1723 3721 1778 3758 K.

1382 3776 1445 3813 Ex
1464 3775 1605 3826 quibus
1630 3773 1717 3812 fluit
1743 3773 2016 3812 demonstratio
2047 3772 2163 3821 Prop.
2189 3771 2356 3810 XLIX.

1331 3829 1384 3873 Q.
1405 3840 1438 3866 e.
1460 3829 1484 3866 i.

2265 3276 2336 3455 'll'
