2502 4192
244 264 347 309 284·

246 398 511 442 mutabuntur,
540 396 634 434 dum
661 396 703 433 in
726 396 919 444 portiones
939 393 1137 431 ulteriores
1164 392 1281 430 medii

247 450 456 487 celeritates
476 450 602 498 primo
627 456 790 497 receptae
817 454 1090 497 propagantur,
1118 445 1281 494 ideoque

247 511 328 540 tota
358 503 567 540 vibratione
597 499 773 540 absoluta
799 512 983 536 numerus
1010 498 1299 547 particularum

248 556 477 606 agitatarum
496 555 640 603 duplus
654 554 724 591 erit
743 554 826 603 ejus
845 564 962 601 quem
980 551 1022 588 in
1041 551 1200 589 dimidia
1226 550 1282 587 vi-

246 609 417 646 bratione
436 616 714 651 notaveramUS‚
734 618 821 653 pars
840 604 1000 642 dimidia
1017 604 1200 641 remotior
1226 611 1283 641 est

245 659 360 709 plane
377 660 533 710 aequalis
550 660 606 696 illi
625 659 672 696 de
690 656 769 708 qua
788 657 912 706 primo
939 665 1071 695 actum
1098 663 1155 693 est
1174 664 1212 694 et
1230 656 1281 693 si-

245 714 387 751 militer
409 713 625 757 constituta,
658 724 743 759 pars
771 710 921 748 citerior
946 708 1036 747 vero
1062 709 1281 760 negativam

245 766 475 804 celeritatem
503 765 689 802 obtinebit
707 772 746 801 et
764 763 1048 808 dilatationem;
1078 763 1161 813 ejus
1187 762 1279 799 cite-

243 819 354 856 rioris
380 818 497 865 partis
523 817 647 865 portio
673 816 926 854 remotissima
943 828 966 853 a
985 813 1081 853 fibra
1107 815 1279 863 primum

245 870 445 908 celeritatis
463 870 568 908 fibrae
586 869 838 920 regredientis
865 868 1029 919 gradum
1048 868 1211 915 habebit,
1241 874 1280 906 et

245 924 368 972 portio
386 923 493 960 fibrae
511 922 684 971 proxima
702 922 885 959 ultimum
906 922 1092 973 (quietem
1104 920 1276 971 nempe),

244 976 371 1013 media
389 975 512 1023 portio
530 976 715 1021 medium,
737 977 810 1012 hoc
829 981 886 1011 est
903 974 1114 1012 retrocedet
1132 971 1179 1012 ea
1197 974 1278 1023 ipsa

244 1028 435 1067 celeritate
453 1026 532 1078 qua
550 1028 721 1065 medium
750 1027 939 1065 ulterioris
965 1027 1082 1076 partis
1107 1027 1279 1075 procedit

243 1089 281 1119 et
308 1081 547 1119 dilatationes
565 1082 642 1118 illis
660 1080 914 1117 celeritatibus
941 1080 1127 1130 negativis
1154 1092 1277 1118 corre-

243 1134 497 1182 spondebunt‚
536 1132 701 1184 ideoque
729 1134 769 1170 in
798 1133 926 1170 medio
953 1134 1059 1172 illius
1094 1132 1279 1181 proximae

242 1186 427 1235 portionis
455 1186 624 1225 maxima
650 1186 724 1224 erit
751 1186 922 1224 dilatatio
950 1194 995 1224 ut
1021 1193 1060 1223 et
1085 1185 1278 1224 maximus

241 1252 448 1290 regressus.

296 1296 492 1332 Secundus
509 1296 638 1331 Casus.
676 1291 795 1336 Quod
805 1291 837 1328 si
848 1290 1003 1342 singula
1020 1291 1273 1340 tempuscula,

243 1346 383 1396 quibus
401 1345 628 1383 durantibus
646 1344 824 1383 velocitas
851 1344 956 1382 fibrae
985 1344 1185 1381 uniformis
1203 1345 1276 1381 fin-

242 1398 358 1449 gitur,
388 1398 549 1447 aequalia
575 1410 653 1435 non
680 1399 768 1442 sint,
798 1396 933 1435 eei-dem
959 1397 1106 1435 ratione
1133 1397 1276 1435 intelli-

241 1459 382 1501 gentur
405 1448 562 1489 effectus
580 1451 686 1488 fibrae
704 1451 745 1488 in
764 1458 889 1499 partes
916 1450 1046 1496 medii,
1074 1450 1148 1488 nisi
1174 1451 1278 1501 quod

241 1506 434 1552 portiones
452 1503 569 1541 medii
587 1517 674 1554 quae
692 1503 854 1554 singulis
869 1503 1087 1541 successivis
1102 1504 1278 1541 velocita-

240 1557 290 1594 tis
308 1556 492 1607 gradibus
518 1557 691 1607 gaudent
710 1569 789 1593 nou
807 1557 884 1593 sint
901 1556 1077 1606 aequales,
1098 1556 1164 1594 sed
1194 1558 1279 1607 (per

242 1617 324 1648 not.
352 1610 435 1658 19.)
466 1610 542 1646 sint
569 1610 668 1646 sicut
694 1617 867 1657 tempora
893 1610 1034 1659 quibus
1053 1609 1281 1647 durantibus

241 1662 406 1712 singulae
424 1662 500 1699 illae
516 1662 733 1699 velocitates
752 1662 791 1698 in
811 1661 907 1699 fibra
925 1669 1225 1710 permanserunt.

302 1718 452 1753 Tertius
469 1719 598 1754 Casus.
633 1715 822 1759 Quamvis
836 1722 966 1752 autem
983 1714 1087 1751 fibrae
1101 1715 1278 1752 velocitas

240 1768 351 1805 nullo
370 1767 611 1816 tempusculo
629 1768 832 1805 uniformis
843 1775 997 1805 maneat
1009 1767 1074 1804 sed
1093 1767 1277 1805 continuo

242 1820 486 1866 acceleretur,
523 1820 657 1858 eodem
691 1828 821 1857 tamen
852 1819 969 1857 modo
1001 1818 1095 1857 fibra
1121 1828 1210 1870 aget
1235 1820 1278 1857 in

241 1873 416 1911 medium
434 1885 478 1910 ac
495 1872 526 1909 si
545 1870 676 1910 revera
693 1873 871 1911 velocitas
890 1873 973 1923 ejus
999 1881 1183 1911 cresceret
1208 1885 1277 1922 per

240 1926 439 1964 intervalla
457 1925 649 1974 temporis,
670 1933 708 1963 et
722 1925 886 1963 durante
900 1926 1143 1974 tempusculo
1157 1938 1276 1975 quam

239 1979 402 2016 minimo
432 1978 517 2031 (sed
544 1979 672 2028 finito)
701 1979 906 2016 uniformis
936 1987 1131 2024 maneret;
1159 1979 1276 2030 idque

239 2041 440 2081 propterea
457 2031 562 2081 quod
579 2031 778 2068 intervalla
804 2032 903 2069 inter
928 2032 1132 2079 particulas
1159 2032 1276 2085 medii

240 2093 331 2122 sunt
356 2085 477 2122 finitae
504 2084 735 2135 quantitates
753 2096 832 2121 non
851 2083 940 2122 vero
958 2084 1107 2122 infinite
1135 2097 1274 2132 parva;

242 2150 331 2175 nam
351 2150 418 2186 per
436 2145 546 2175 notas
559 2141 596 2174 4.
612 2144 651 2175 et
664 2141 701 2176 5.
726 2138 860 2175 nullus
873 2144 1003 2175 motus
1014 2150 1058 2174 ex
1073 2146 1217 2186 puncto
1235 2141 1274 2176 A

239 2191 280 2227 in
307 2198 497 2239 punctum
521 2191 555 2227 B
575 2190 733 2227 transire
751 2198 886 2238 potest,
915 2189 988 2226 nisi
1015 2199 1203 2239 punctum
1236 2191 1273 2228 A

240 2244 463 2292 processerit
502 2242 612 2279 finita
651 2242 1006 2293 quantulacumque
1050 2245 1271 2293 quantitate,

239 2293 418 2346 ideoque,
446 2295 520 2332 nisi
539 2296 633 2334 fibra
650 2308 737 2345 quae
767 2303 877 2346 urget
903 2303 1091 2343 punctum
1113 2299 1148 2333 A
1169 2297 1272 2334 velo.

240 2349 392 2386 citatem
411 2348 561 2386 finitam
578 2348 620 2385 in
639 2361 685 2386 eo
702 2349 940 2399 generaverit
969 2351 1031 2398 (ut
1049 2349 1123 2387 fert
1149 2351 1272 2399 hypo-

238 2402 356 2440 thesis
378 2401 631 2439 Problematis
645 2409 723 2439 not.
739 2401 799 2451 9.)
814 2416 825 2448 ;
846 2401 927 2449 pari
941 2402 1138 2440 ratiocinio
1149 2416 1271 2452 punc-

238 2461 325 2492 tum
347 2455 382 2491 B
401 2466 481 2491 non
499 2456 635 2492 sentiet
653 2455 888 2492 incrementa
906 2454 1115 2492 velocitatis
1138 2457 1272 2504 puncti

243 2508 296 2552 A,
316 2507 388 2544 nisi
406 2515 607 2556 postquam
626 2508 907 2545 incrementum
925 2508 1079 2545 finitum
1092 2509 1269 2547 velocita-

238 2560 288 2597 tis
305 2560 345 2597 in
364 2572 411 2597 eo
437 2561 613 2610 genitum
632 2560 750 2598 fuerit
778 2563 877 2611 (not.
900 2563 936 2598 5.
960 2569 999 2599 et
1017 2562 1100 2611 20).
1160 2562 1273 2613 Ergo

238 2612 335 2651 fibra
360 2612 440 2663 agit
457 2613 499 2649 in
516 2613 690 2651 medium
717 2614 826 2663 quasi
850 2613 1004 2665 singulo
1030 2616 1272 2663 tempuscula

241 2666 398 2718 (aequali
429 2666 490 2703 vel
516 2666 714 2716 inaequali)
747 2667 831 2716 ejus
859 2668 1037 2705 velocitas
1068 2668 1272 2705 uniformis

237 2719 483 2766 perstitisset3
511 2719 740 2769 intelligitur
766 2731 859 2770 ergo
877 2721 1036 2758 effectus
1054 2721 1272 2758 vibrationis

238 2770 344 2809 fibrae
362 2772 403 2809 in
423 2773 548 2809 a'elrem
568 2784 635 2820 per
653 2772 821 2820 primum
840 2780 878 2811 et
897 2773 1111 2811 secundum
1137 2786 1270 2812 casum

238 2824 399 2874 hujusce
417 2824 760 2864 demonstrationis.
819 2827 871 2871 Q.
891 2839 924 2864 e.
947 2827 975 2863 i.
1229 2853 1231 2857 f

292 2881 355 2915 25.
402 2878 548 2915 Totum
579 2885 707 2916 autem
736 2880 902 2927 spatium
933 2880 1044 2930 cujus
1074 2880 1236 2928 particul

239 2937 441 2968 commotae
466 2930 627 2969 suerunt
657 2932 821 2969 durante
847 2932 997 2983 integra
1015 2932 1120 2971 fibrae
1146 2934 1268 2971 vibra-

238 2982 342 3021 tione
359 2997 382 3021 a
402 2983 593 3023 Newtono
612 2985 746 3034 pulsus
765 2993 932 3031 vocatur,
954 2994 992 3023 et
1009 2987 1040 3023 si
1059 2986 1269 3024 vibratione

239 3036 412 3074 absoluta
430 3037 524 3074 fibra
542 3037 763 3087 quiesceret,
783 3051 933 3087 semper
951 3039 1112 3076 ulterius
1130 3051 1266 3088 propa-

239 3097 394 3139 garetur
410 3090 476 3127 ille
493 3091 650 3138 pulsus;
680 3103 771 3128 nam
797 3098 901 3129 totus
927 3092 993 3129 ille
1010 3092 1145 3141 pulsus
1165 3095 1266 3143 (mo-

238 3150 371 3178 mento
388 3155 465 3191 quo
479 3144 685 3181 absolvitur
703 3145 881 3194 vibratio)
910 3144 1055 3182 divisus
1072 3145 1265 3196 intelliga-

239 3201 304 3231 tur
322 3195 362 3230 in
381 3196 573 3242 portiones
589 3196 750 3234 totidem
764 3205 857 3246 quot
870 3197 1049 3246 temporis
1068 3199 1266 3236 intervalla

238 3246 283 3283 in
300 3247 520 3285 vibrationis
538 3248 739 3287 duratione
757 3250 917 3288 fuerunt
943 3260 1149 3300 assumpta,
1178 3265 1266 3302 quae

238 3300 421 3348 temporis
447 3300 645 3339 intervalla
670 3302 860 3340 facilitatis
878 3315 970 3354 ergo
988 3304 1149 3354 aequalia
1175 3317 1266 3353 sup-

238 3359 443 3401 ponantur,
473 3353 627 3404 singula
645 3356 769 3402 portio
787 3355 906 3393 medii
925 3369 1010 3394 eam
1029 3357 1266 3396 velocitatem

238 3406 393 3443 habebit
409 3417 526 3455 quam
545 3407 679 3445 habuit
697 3408 836 3446 chorda
850 3409 891 3446 in
905 3420 1100 3448 momento
1117 3412 1189 3459 ipsi
1207 3424 1266 3448 re·

240 3457 454 3506 spondenti,
475 3458 613 3497 ultima
630 3461 754 3508 portio
773 3462 851 3500 sive
862 3464 1114 3501 remotissima
1131 3477 1154 3502 a
1172 3464 1267 3502 fibra

238 3523 323 3548 eam
333 3511 484 3549 habebit
492 3511 722 3550 celeritatem
730 3526 845 3563 quam
852 3514 947 3553 fibra
953 3517 1135 3554 habuerat
1141 3518 1267 3565 primo

237 3562 405 3608 instanti,
435 3564 648 3612 penultima
664 3567 787 3613 portio
805 3568 1137 3607 eamceleritatem
1156 3571 1270 3608 habet

238 3628 354 3664 quam
369 3616 464 3654 fibra
476 3617 611 3656 habuit
621 3618 789 3656 secundo
800 3620 970 3667 instanti,
989 3622 1057 3660 διο.
1076 3638 1088 3669 ;
1108 3635 1268 3673 sequen-

239 3669 268 3705 ti
288 3668 376 3707 γετὸ
395 3671 637 3718 tempusculo
662 3671 801 3710 ultima
825 3674 951 3720 portio
977 3675 1112 3723 pulsus
1129 3677 1178 3713 ad
1196 3688 1266 3714 no-

239 3732 326 3757 vam
343 3722 558 3770 portionem
576 3723 647 3762 sibi
659 3724 846 3774 aequalem
864 3734 902 3763 et
920 3727 1139 3766 ulteriorem
1157 3741 1268 3766 suam

240 3773 478 3812 velocitatem
508 3777 733 3828 propagabit
770 3778 905 3829 (hujus
935 3780 1021 3830 21.)
1056 3780 1150 3819 dum
1187 3782 1270 3830 ipsa

240 3826 418 3877 suscipiet
431 3829 655 3877 penultimae
668 3831 853 3880 portionis
867 3831 1110 3882 celeritatem,
1131 3834 1271 3884 penul-

777 252 1346 310 PHILOSOPHIAE
1381 252 1832 307 NATURALIS
1924 255 2104 319 [Mo'r.
2126 255 2376 308 Conpon.

1336 391 1431 430 tima
1451 390 1538 429 ver&
1551 391 1682 439 portio
1694 391 1924 431 celeritatem
1940 395 2270 443 antepenultimae‚
2290 395 2378 442 δια,

1335 451 1466 493 postea
1484 444 1603 481 altero
1621 445 1802 492 temporis
1829 445 2030 483 intervallo
2048 448 2097 484 ad
2117 438 2277 484 alteiam
2306 461 2378 486 no-

1337 510 1423 534 vam
1443 497 1659 545 portIOnem
1677 497 1898 535 ulteriorem
1919 500 2043 547 prima
2056 500 2227 537 celeritas
2240 513 2376 550 propa-

1337 550 1503 600 gabitur‚
1535 557 1573 587 et
1600 550 1770 587 secunda
1797 551 1968 588 celeritas
1987 552 2027 589 in
2047 552 2172 600 prima
2199 554 2377 601 portione

1335 603 1426 639 novi
1445 603 1555 640 istius
1573 602 1708 652 pulsus
1734 604 1992 653 generabitur,
2020 605 2149 655 sicque
2169 606 2369 655 deinceps:

1336 668 1459 695 novus
1477 668 1570 706 ergo
1588 656 1724 704 pulsus
1741 656 1971 695 formabitur
1982 657 2096 705 plane
2107 659 2242 696 similis
2256 660 2374 708 priori

1334 709 1532 758 aequaliter
1550 716 1741 754 extensus,
1763 709 1902 760 aequali
1922 710 2112 748 celeritate
2139 712 2180 748 in
2208 712 2373 764 singulis

1333 762 1505 809 partibus
1532 761 1697 799 donatus
1726 761 1888 812 (semota
1907 769 1952 800 ut
1970 762 2051 799 dixi
2070 765 2373 803 consideratione

1334 815 1502 863 partium
1520 814 1820 864 circumquaque
1838 816 2049 863 positarum
2069 828 2226 867 remque
2244 821 2368 857 consi-

1334 867 1503 905 derando
1529 868 1637 917 quasi
1665 868 1713 906 de
1740 868 1912 917 partibus
1929 868 1970 905 in
1989 869 2091 906 linea
2109 870 2212 908 recta
2237 872 2372 920 positis

1333 919 1448 958 unice
1466 920 1674 971 ageretur).

1387 978 1449 1012 26.
1483 974 1573 1022 Ipse
1593 984 1722 1011 autem
1741 974 1889 1023 primus
1908 974 2042 1023 pulsus
2060 975 2213 1023 penitus
2240 978 2368 1027 quies-

1333 1026 1385 1064 cit
1402 1027 1558 1076 quando
1591 1027 1633 1063 in
1659 1027 1872 1064 secundum
1892 1035 1996 1065 totus
2023 1028 2171 1066 transiit
2198 1029 2230 1066 si
2258 1030 2369 1068 nulla

1332 1092 1432 1117 nova
1468 1080 1619 1117 chordae
1650 1079 1808 1130 agitatio
1840 1080 2030 1126 succedat,
2070 1094 2159 1118 nam
2197 1082 2369 1121 celeritas

1332 1133 1518 1181 portionis
1544 1132 1680 1181 pulsus
1706 1145 1793 1183 quae
1819 1132 1925 1170 fibrae
1953 1134 2126 1181 proxima
2143 1143 2199 1171 est
2217 1148 2367 1173 succes-

1332 1184 1411 1224 sive
1442 1185 1491 1223 ad
1519 1193 1720 1235 sequentes
1751 1186 1944 1233 portiones
1970 1188 2107 1225 transit
2132 1187 2227 1224 dum
2246 1201 2369 1227 novus

1331 1238 1466 1287 pulsus
1483 1238 1684 1284 formatur,
1704 1238 1772 1275 sed
1789 1239 1959 1276 celeritas
1970 1239 2051 1289 ejus
2065 1240 2250 1287 portionis
2263 1241 2368 1279 fibrae

1331 1291 1518 1338 proximae
1536 1299 1592 1328 est
1610 1291 1747 1329 ultima
1774 1291 1880 1329 fibrae
1912 1292 2084 1329 celeritas
2110 1306 2197 1343 quae
2225 1294 2265 1330 in
2293 1294 2366 1332 hac

1330 1346 1421 1393 hyp.
1456 1352 1513 1381 est
1539 1344 1657 1394 quies,
1692 1343 1759 1381 sed
1784 1344 1853 1382 ubi
1881 1344 2015 1392 pulsus
2046 1345 2238 1384 secundus
2263 1354 2368 1385 totus

1330 1396 1519 1434 formatus
1538 1405 1605 1443 est,
1626 1397 1800 1435 celeritas
1818 1398 2003 1446 portionis
2013 1399 2150 1446 pulsus
2164 1411 2251 1448 quae
2262 1400 2367 1437 fibrae

1331 1451 1504 1497 proxima
1523 1459 1602 1488 erat
1620 1450 1669 1488 ad
1686 1449 1841 1487 initium
1860 1450 2018 1488 secundi
2033 1451 2167 1499 pulsus
2181 1459 2237 1489 est
2248 1460 2368 1490 trans-

1332 1503 1411 1540 lata
1428 1512 1465 1540 et
1484 1516 1551 1552 per
1569 1516 1703 1541 omnes
1722 1512 1847 1552 partes
1865 1503 2000 1552 pulsus
2026 1504 2141 1552 primi
2159 1505 2370 1544 successive

1332 1556 1493 1602 transiit,
1522 1555 1685 1607 ideoque
1711 1557 1753 1594 in
1780 1556 1909 1607 quiete
1928 1569 1990 1594 eas
2018 1558 2215 1595 constituit
2233 1558 2273 1594 in
2291 1557 2369 1609 qua

1333 1618 1625 1657 permanserunt
1652 1609 1762 1648 nulla
1779 1609 2008 1647 succedente
2027 1608 2126 1647 nova
2144 1611 2364 1660 agitatione.

1388 1667 1449 1700 27.
1482 1661 1599 1706 Quod
1619 1663 1649 1699 :i
1668 1662 1808 1701 chorda
1827 1675 1964 1699 novam
1976 1663 2226 1700 vibrationem
2238 1664 2365 1710 faciat,

1331 1721 1376 1751 ut
1395 1715 1533 1760 evenit,
1553 1716 1774 1753 restituetur
1793 1716 1940 1764 primus
1954 1715 2089 1763 pulsus
2104 1716 2259 1765 aequalis
2270 1730 2366 1765 prae-

1330 1767 1481 1805 cedenti
1492 1768 1780 1818 qualiscumque
1799 1768 1847 1805 sit
1861 1769 1943 1817 ejus
1957 1768 2175 1805 vibrationis
2190 1769 2367 1807 velocitas

1330 1819 1499 1866 initialis,
1520 1833 1612 1858 nam
1630 1821 1824 1859 dividatur
1841 1821 1958 1858 totius
1972 1821 2190 1859 vibrationis
2207 1822 2367 1873 hujusce

1329 1879 1484 1922 tempus
1509 1873 1551 1910 in
1579 1874 1741 1912 totidem
1767 1881 1893 1923 partes
1929 1874 2095 1923 aequales
2124 1875 2296 1922 partibus
2323 1878 2365 1913 in

1329 1938 1424 1975 quas
1451 1935 1603 1975 tempus
1630 1927 1764 1975 primae
1791 1926 2012 1964 vibrationis
2038 1926 2205 1964 divisum
2224 1927 2363 1975 fuerat,

1328 1979 1434 2028 quod
1453 1979 1534 2016 fieri
1553 1988 1680 2029 potest
1697 1992 1786 2017 cum
1803 1980 2031 2017 vibrationes
2045 1979 2121 2017 sint
2138 1980 2363 2028 isochronae,

1329 2032 1412 2069 istae
1444 2040 1568 2081 partes
1600 2033 1783 2082 temporis
1814 2032 1979 2082 aequales
2006 2041 2119 2071 erunt
2145 2033 2191 2070 iis
2209 2046 2296 2083 quae
2322 2035 2365 2071 in

1329 2085 1560 2132 praecedenti
1588 2086 1797 2124 vibratione
1824 2093 2029 2134 assumptae
2055 2085 2240 2133 fuerunt3
2275 2086 2365 2124 dato

1329 2146 1459 2175 autem
1477 2146 1649 2186 tempore
1667 2151 1854 2176 numerus
1871 2138 2144 2186 particularum
2171 2151 2362 2188 compres-

1329 2203 1457 2228 sarum
1477 2199 1533 2229 est
1551 2204 1699 2240 semper
1717 2191 1820 2229 idem
1848 2190 2138 2241 qualiscumque
2157 2192 2206 2229 sit
2223 2192 2363 2230 veloci-

1328 2251 1387 2281 tas
1417 2247 1473 2296 (n.
1510 2250 1570 2283 19.
1596 2244 1789 2294 hujusce).
1850 2244 1962 2294 Ergo
1991 2244 2179 2293 siquidem
2209 2245 2363 2295 singulo

1326 2296 1484 2335 instanti
1503 2299 1591 2335 dato
1610 2298 1770 2335 totidem
1788 2305 1913 2347 partes
1931 2298 2250 2345 comprimuntur,
2271 2298 2362 2336 toti-

1326 2350 1491 2399 demque
1509 2358 1600 2388 sunt
1618 2350 1799 2388 instantia
1826 2350 1915 2387 data
1932 2350 1973 2386 in
1992 2351 2268 2388 vibrationibus
2285 2351 2361 2388 iso-

1325 2403 1491 2449 chronis,
1518 2404 1655 2451 pulsus
1672 2403 1721 2440 ad
1740 2402 1901 2440 totidem
1927 2403 2133 2450 particulas
2158 2403 2200 2440 in
2226 2403 2362 2454 quavis

1325 2456 1537 2493 vibratione
1555 2454 1756 2494 isochrona
1774 2455 2011 2493 extendetur.

1378 2513 1442 2546 28.
1496 2510 1536 2547 Si
1571 2522 1639 2558 per
1674 2509 1916 2546 velocitatem
1950 2507 2086 2556 pulsus
2120 2508 2360 2560 intelligatur

1326 2562 1436 2612 (cum
1457 2563 1498 2599 N
1499 2562 1666 2612 ewtono)
1688 2561 1867 2599 distantia
1880 2560 1931 2599 ad
1947 2574 2063 2610 quam
2082 2562 2216 2610 pulsus
2226 2570 2358 2602 exten-

1324 2614 1428 2652 ditur
1446 2614 1563 2652 divisa
1581 2628 1649 2664 per
1666 2622 1819 2662 tempus
1836 2626 1914 2664 quo
1931 2614 2066 2663 pulsus
2092 2614 2141 2652 ad
2168 2627 2253 2652 eam
2275 2616 2357 2653 dis·

1324 2668 1485 2705 tantiam
1512 2668 1696 2717 pervenit,
1729 2668 1815 2705 dico
1848 2667 1982 2716 pulsus
2007 2667 2048 2703 iu
2075 2667 2211 2705 eodem
2228 2668 2357 2706 medio

1324 2732 1404 2758 esse
1440 2733 1573 2758 omnes
1608 2717 1866 2771 aequiveloces'
1890 2732 2142 2770 quaecumque
2174 2721 2222 2767 sit
2250 2721 2356 2759 fibrae

1323 2773 1482 2821 pulsum
1500 2774 1746 2823 producentis
1764 2773 1946 2811 vibratio:
1983 2773 2024 2810 id
2049 2773 2132 2823 jam
2159 2773 2279 2823 liquet
2305 2774 2354 2811 de

1324 2827 1599 2865 vibrationibus
1617 2826 1826 2865 isochronis
1843 2826 1884 2863 iu
1904 2825 2044 2875 quibus
2058 2835 2226 2874 tempore
2237 2826 2355 2864 unius

1323 2879 1543 2918 vibrationis
1561 2880 1611 2918 ad
1629 2880 1789 2918 totidem
1808 2887 1933 2927 partes
1952 2879 2086 2927 pulsus
2105 2873 2351 2929 propagatu'r‚

1322 2930 1487 2983 ideoque
1506 2933 1651 2984 aequale
1669 2933 1835 2981 spatium
1855 2932 1991 2982 aequali
2010 2939 2180 2980 tempore
2199 2945 2351 2980 percur-

1320 2986 1382 3031 rit,
1402 2993 1532 3034 postea
1551 2985 1639 3024 vero
1651 2986 1756 3024 idem
1774 2986 1909 3034 pulsus
1923 2984 2095 3022 similiter
2107 2994 2350 3035 propagatur,

1321 3039 1388 3076 sed
1414 3039 1455 3076 id
1482 3040 1620 3088 pariter
1646 3051 1781 3076 verum
1799 3045 1855 3076 est
1873 3037 1921 3075 de
1940 3037 2212 3075 vibrationibus
2230 3046 2351 3075 etero-

1319 3092 1494 3139 chronis3
1515 3092 1735 3130 dividantur
1752 3091 1857 3129 enim
1875 3091 2078 3140 inaequalia
2096 3091 2352 3128 vibrationum

1319 3153 1493 3194 tempora
1510 3146 1551 3183 in
1569 3145 1729 3183 totidem
1755 3145 1936 3194 utrinque
1966 3143 2209 3191 tempuscula
2235 3144 2351 3181 mini-

1319 3211 1385 3235 ma
1402 3211 1489 3248 quae
1508 3198 1597 3236 totis
1611 3199 1846 3247 temporibus
1864 3198 1940 3234 sint
1955 3196 2259 3246 proportionalia,
2276 3209 2350 3235 nu·

1319 3264 1449 3289 merus
1475 3251 1642 3300 partium
1661 3262 1962 3299 compressamm
1990 3249 2154 3299 singulis
2179 3258 2351 3298 tempus-

1320 3304 1416 3342 culis
1428 3304 1582 3342 diversis
1596 3313 1687 3342 sunt
1700 3303 1775 3340 illis
1785 3301 2036 3351 tempusculis
2054 3303 2353 3351 proportionales

1323 3359 1378 3409 (n.
1408 3363 1466 3397 19.
1483 3357 1661 3407 hujusce)
1682 3354 1848 3407 ideoque
1866 3356 1956 3393 totis
1974 3355 2234 3393 vibrationum
2252 3363 2349 3392 tem-

1320 3411 1476 3459 poribus
1493 3409 1803 3460 proportionales,
1825 3408 1891 3446 sed
1909 3408 1950 3445 in
1969 3408 2124 3458 singula
2141 3408 2351 3446 vibratione

1319 3464 1481 3501 totidem
1507 3463 1748 3512 tempuscula
1774 3470 1970 3509 assumpta
1993 3468 2096 3507 sunt,
2127 3474 2220 3512 ergo
2246 3468 2350 3499 totus

1319 3529 1505 3554 numerus
1536 3516 1702 3565 partium
1729 3528 1816 3564 quae
1843 3515 2042 3564 singulum
2070 3514 2228 3562 pulsum
2257 3526 2348 3551 con-

1321 3570 1488 3607 stituunt
1514 3577 1571 3607 est
1597 3567 1888 3618 proportionalis
1921 3569 2081 3615 tempori
2113 3566 2344 3603 vibrationis.

1326 3622 1401 3661 Sed
1420 3622 1597 3660 distantia
1624 3621 1673 3659 ad
1699 3633 1815 3671 quam
1833 3620 2006 3668 pervenit
2023 3619 2157 3667 pulsus
2175 3627 2232 3656 est
2249 3632 2348 3656 sem-

1319 3688 1388 3726 per
1415 3677 1576 3713 numero
1611 3674 1780 3724 partium
1815 3672 2117 3723 proportionalis·
2176 3671 2349 3722 Ideoque

1321 3728 1501 3767 distantia
1528 3728 1575 3765 ad
1607 3740 1725 3779 quam
1753 3727 1925 3775 pervenit
1951 3725 2085 3773 pulsus
2112 3732 2168 3762 est
2186 3725 2348 3773 tempori

1322 3781 1540 3820 vibrationis
1550 3779 1853 3830 proportionalis,
1869 3778 1935 3816 sed
1954 3776 2130 3814 velocitas
2145 3778 2278 3826 pulsus
2293 3784 2350 3814 est

1323 3834 1502 3874 distantia
1514 3834 1564 3872 ad
1582 3846 1695 3885 quam
1716 3832 1888 3882 pervenit
1900 3830 2019 3869 divisa
2029 3842 2096 3879 per
2108 3838 2259 3881 tempus
2272 3841 2355 3880 quo*
