2502 4192
87 284 273 337 LIBER
297 283 568 343 Samma]
623 276 1028 353 PRINCIPIA
1068 271 1690 327 MATHEMATICA.
2139 276 2242 325 247

86 426 249 497 frigus
276 423 556 477 reducitur.
633 423 931 491 Antequam
958 419 1219 480 caderent,
1249 413 1693 485 immergebantur
1710 411 1917 481 penitus
1944 412 1997 462 in
2024 431 2241 482 aquam3

87 534 154 567 ne
189 514 421 582 pondere
457 511 619 581 partis
657 511 872 579 alicujus
910 527 977 561 ex
1015 507 1147 577 aqua
1185 505 1407 557 exta-ntis
1446 504 1726 554 descensus
1765 519 1947 553 eorum
1975 501 2070 551 sub
2097 502 2243 552 initio

89 605 474 657 acceleraretur.
554 603 624 654 Et
649 603 737 653 ubi
762 599 968 670 penitus
995 597 1222 650 immersi
1249 595 1598 667 quiescebant,
1639 594 2048 646 demittebantur
2088 611 2243 662 quam

89 693 396 758 cautissime,
424 713 491 746 ne
517 694 799 762 impulsum
824 693 1049 762 aliquem
1074 711 1104 742 a
1128 708 1285 741 manu
1311 689 1615 740 demittente
1642 687 1950 754 acciperent.
2029 684 2245 735 Cecide-

88 796 210 837 runt
247 778 421 836 autem
459 781 745 835 successive
782 780 1105 849 temporibus
1143 777 1522 830 oscillationum
1562 780 1684 842 475,
1714 778 1837 841 4832,
1868 782 1935 826 50
1963 785 2013 825 et
2041 781 2125 836 51,
2155 773 2245 824 de-

90 874 371 925 scribentes
416 872 742 924 altitudinem
792 869 985 938 pedum
1036 867 1332 938 quindecim
1382 878 1433 917 ct
1483 865 1768 935 digitorum
1819 864 2059 914 duorum.
2141 864 2245 915 Sed

58 970 61 973 ’
91 974 367 1033 tempestas
396 965 507 1033 jam
532 961 691 1031 paule
717 960 954 1031 frigidior
979 971 1089 1010 erat
1115 957 1269 1028 quam
1298 974 1414 1008 cum
1441 956 1586 1027 globi
1621 956 2062 1024 ponderabantur,
2103 955 2247 1006 ideo-

91 1075 191 1126 que
216 1054 394 1106 iteravi
420 1053 835 1121 experimentum
860 1051 962 1102 alio
988 1050 1088 1112 die,
1118 1061 1170 1101 et
1194 1048 1337 1120 globi
1365 1048 1666 1099 ceciderunt
1691 1048 2013 1116 temporibus
2042 1047 2246 1098 oscilla-

89 1148 289 1199 tionum
315 1152 402 1208 49,
431 1149 550 1212 494,
582 1151 649 1196 50
677 1153 727 1194 et
754 1151 839 1206 53,
869 1161 929 1194 ac
955 1134 1107 1192 tertio
1141 1140 1463 1209 temporibus
1497 1140 1876 1190 oscillationum
1909 1143 2030 1205 493,
2062 1147 2147 1202 50,
2178 1146 2239 1192 51

90 1247 143 1287 et
167 1242 251 1287 53.
329 1233 706 1302 Experimento
751 1231 941 1299 saepius
982 1240 1150 1298 capto,
1197 1230 1342 1301 globi
1393 1229 1694 1281 ceciderunt
1733 1228 1958 1279 maxima
1997 1248 2063 1280 ex
2101 1241 2249 1298 parte

90 1308 407 1393 temporibus
433 1323 812 1374 oscillationum
840 1326 940 1388 4927
971 1334 1023 1373 et
1050 1329 1134 1374 50.
1157 1303 1191 1341 ⁶
1215 1320 1323 1374 Ubi
1351 1321 1553 1373 tardius
1576 1321 1827 1384 cecidere,
1870 1322 2107 1390 suspicor
2133 1340 2249 1372 eos-

91 1415 211 1465 dem
236 1412 532 1465 retardatos
555 1411 711 1463 fuisse
737 1410 1074 1481 impingendo
1101 1411 1153 1460 in
1179 1410 1342 1461 latera
1367 1410 1523 1461 vasis.

162 1506 282 1557 Jam
308 1514 609 1572 computum
634 1521 729 1572 per
755 1503 1008 1554 theoriam
1036 1503 1281 1565 ineundo,
1309 1501 1573 1570 prodeunt
1599 1502 1805 1570 pondus
1830 1504 1976 1574 globi
2003 1505 2055 1555 in
2082 1522 2248 1555 vacuo

97 1595 233 1660 139}
268 1610 571 1663 granorum.
648 1591 910 1642 Excessus
948 1590 1102 1661 hujus
1140 1590 1386 1658 ponderis
1425 1609 1583 1658 supra
1619 1591 1830 1658 pondus
1865 1593 2009 1662 globi
2037 1593 2089 1643 in
2117 1593 2250 1663 aqua

97 1685 266 1751 1323&
296 1701 442 1753 gran.
521 1682 792 1734 Diameter
816 1680 958 1750 globi
986 1689 1035 1743 0,
1060 1688 1234 1732 99868
1263 1680 1368 1751 dig.
1447 1680 1588 1732 Octo
1612 1681 1779 1732 tertiae
1805 1670 1978 1750 partes
2014 1684 2251 1736 diametri

2 1817 5 1822 f
93 1779 143 1836 2,
165 1778 339 1824 66315
368 1770 474 1841 dig·
551 1778 788 1846 Spatium
815 1780 846 1824 2
876 1773 921 1825 F
960 1779 1155 1837 2,8066
1182 1770 1287 1843 dig.
1369 1769 1605 1837 Spatium
1633 1770 1772 1839 quod
1799 1771 1986 1841 globus
2012 1772 2248 1841 pondere

95 1874 125 1923 7
134 1873 159 1935 ὲ
203 1884 504 1938 granorum,
548 1876 781 1933 tempore
820 1865 1008 1916 minuti
1050 1865 1203 1916 unius
1248 1865 1480 1926 secundi,
1528 1865 1638 1916 sine
1679 1862 1968 1915 resistentia
2011 1861 2251 1913 cadendo

94 1955 342 2007 describit
370 1962 419 2017 9,
441 1961 615 2007 88164
643 1954 749 2025 dig.
769 1987 779 1994 --
811 1953 898 2005 'Et
922 1964 1127 2023 tempus
1156 1954 1209 2007 G
1235 1955 1318 2017 0'',
1341 1960 1570 2009 376843.
1649 1954 1854 2006 Globus
1894 1952 2067 2023 igitur,
2108 1951 2250 2003 velo-

94 2045 246 2096 citate
270 2042 495 2094 maxima
522 2041 744 2112 quacum
767 2053 940 2111 potest
964 2043 1018 2094 in
1039 2042 1171 2113 aque
1191 2042 1242 2094 vi
1259 2043 1506 2111 ponderis
1527 2049 1557 2099 7
1565 2045 1588 2109 ὲ
1609 2061 1894 2115 granorum
1915 2042 2249 2106 descendere,

0 2188 3 2189 γ
91 2146 327 2203 tempore
365 2137 446 2197 ΟΝ,
469 2140 679 2190 376843
719 2133 962 2188 describit
999 2134 1222 2202 spatium
1260 2141 1470 2197 2,8066
1508 2134 1808 2205 digitorum,
1851 2146 1901 2185 et
1928 2145 2161 2201 tempore
2193 2133 2253 2183 l''

0 2294 1 2297 Ἴ
88 2224 315 2292 spatium
343 2229 391 2285 7,
413 2227 589 2277 44766
617 2222 916 2293 digitorum,
945 2233 996 2274 et
1020 2234 1255 2292 tempore
1273 2225 1376 2276 25”
1403 2242 1494 2275 seu
1520 2223 1904 2275 oscillationum
1933 2231 2001 2275 50
2022 2222 2249 2290 spatium

98 2321 217 2375 186,
243 2319 377 2364 1915
405 2311 511 2383 dig.
590 2311 923 2364 Subducatur
971 2312 1194 2380 spatium
1237 2319 1282 2375 1,
1309 2319 1521 2365 386294
1562 2313 1621 2375 F,
1666 2332 1756 2364 seu
1800 2319 2007 2375 1,9454
2053 2311 2159 2382 dig.
2201 2323 2254 2363 et

94 2404 325 2456 manebit
362 2404 584 2472 spatium
627 2411 744 2466 184,
766 2409 899 2456 2461
945 2403 1051 2474 dig.
1080 2403 1220 2473 quod
1245 2403 1434 2474 globus
1461 2403 1645 2455 eodem
1672 2414 1906 2472 tempore
1934 2404 1985 2453 in
2013 2421 2134 2454 vase
2174 2402 2251 2453 la-

95 2492 293 2543 tissimo
318 2491 591 2543 describet.
672 2490 759 2543 Ob
797 2490 1088 2561 angustiam
1126 2491 1259 2542 vasis
1296 2491 1478 2554 nostri,
1520 2490 1783 2543 minuatur
1809 2491 1910 2542 hoc
1936 2491 2159 2559 spatium
2199 2491 2253 2540 in

95 2584 294 2636 ratione
333 2603 449 2655 quae
486 2583 817 2653 componitur
854 2601 921 2635 ex
959 2582 1319 2651 subduplicata
1356 2582 1557 2634 ratione
1594 2582 1779 2633 orificii
1817 2582 1951 2633 vasis
1978 2581 2044 2632 ad
2071 2600 2252 2633 exces-

98 2692 212 2725 sum
238 2674 390 2744 hujus
428 2673 613 2725 orificii
650 2692 808 2742 supra
845 2672 1252 2724 semi-circulum
1290 2672 1577 2724 maximum
1613 2672 1774 2743 globi,
1822 2683 1874 2724 et
1911 2673 2130 2741 simplici
2169 2691 2251 2724 ra-

97 2762 237 2815 tione
264 2763 493 2832 ejusdem
514 2762 697 2814 orificii
722 2761 789 2812 ad
815 2779 1085 2813 excessum
1123 2762 1233 2830 ejus
1272 2779 1430 2830 supra
1467 2761 1718 2813 circulum
1755 2763 2042 2814 maximum
2077 2762 2252 2832 globi;

98 2864 150 2905 et
174 2851 449 2902 habebitur
475 2851 697 2919 spatium
728 2856 845 2911 181,
870 2857 936 2901 86
964 2849 1263 2920 digitorum,
1293 2849 1433 2919 quod
1452 2850 1639 2920 globus
1666 2850 1719 2900 in
1745 2850 1846 2903 hoc
1871 2869 1991 2902 vase
2017 2862 2252 2920 tempore

99 2941 476 2994 oscillationum
505 2947 572 2993 50
599 2938 892 2991 describere
917 2938 1096 2990 debuit
1119 2957 1216 3007 per
1240 2938 1494 2990 theoriam
1522 2938 1935 3008 quamproxime.
2000 2940 2251 3009 Descrip-

101 3031 166 3082 sit
191 3027 314 3080 vere
341 3028 563 3096 spatium
595 3033 694 3079 182
721 3026 1003 3097 digitorum
1027 3037 1264 3096 tempore
1297 3026 1678 3079 oscillationum
1705 3031 1808 3094 495
1836 3027 1917 3080 vel
1945 3035 2012 3080 50
2038 3046 2133 3097 per
2159 3047 2250 3080 ex-

99 3121 461 3190 perimentum.

172 3212 363 3276 Exper.
396 3216 444 3261 5.
523 3208 685 3261 Globi
722 3218 945 3279 quatuor
979 3209 1212 3278 pondere
1243 3210 1377 3273 1543
1411 3229 1558 3281 gran.
1587 3211 1640 3261 in
1667 3212 1787 3261 a'eie
1812 3219 1864 3261 et
1890 3213 1993 3276 215-
2021 3228 2168 3281 gran.
2198 3210 2252 3260 in

102 3300 233 3370 aqua
272 3318 411 3368 saepe
448 3300 671 3364 demissi,
712 3301 967 3354 cadebant
1003 3304 1244 3369 tempore
1275 3301 1657 3353 oscillationum
1684 3304 1806 3366 285,
1837 3306 1923 3363 29,
1954 3304 2056 3367 29ὲ
2085 3312 2137 3352 et
2164 3308 2249 3362 30,

101 3400 153 3440 et
178 3407 554 3458 nonnunquam
583 3396 667 3453 31,
698 3397 764 3442 32
793 3401 844 3442 et
871 3398 956 3453 33,
985 3390 1336 3442 describentes
1362 3391 1688 3478 altitudinem
1724 3389 1920 3459 pedum
1956 3390 2252 3461 quindecim

103 3490 158 3532 et
181 3479 464 3550 digitorum
490 3479 730 3531 duorum.

177 3571 282 3622 Per
337 3570 592 3623 theoriam
647 3571 833 3624 cadere
883 3572 1180 3625 debuerunt
1233 3582 1466 3641 tempore
1517 3571 1898 3625 oscillationum
1949 3579 2017 3625 29
2071 3590 2251 3642 quam-

102 3660 357 3729 proxime.
1652 3650 1659 3657 ·
1907 3660 1909 3662 ’

172 3755 364 3820 Exper.
409 3763 459 3808 6.
538 3754 700 3807 Globi
743 3755 973 3824 quinque
1023 3755 1256 3822 pondere
1308 3754 1446 3817 2125}
1495 3774 1643 3825 gran.
1695 3755 1749 3806 in
1791 3757 1910 3806 aere
1953 3764 2005 3805 et
2048 3757 2146 3820 795
2200 3754 2253 3805 in

107 3841 236 3912 aquai
301 3846 439 3914 saepe
501 3843 728 3908 demissi,
795 3843 1052 3895 cadebant
1113 3854 1347 3912 tempore
1410 3844 1791 3896 oscillationum
1857 3849 1938 3904 15,
1996 3847 2113 3908 155,
2169 3850 2252 3905 16,

1134 3935 1172 3976 Q
1193 3939 1217 3972 4
