2502 4192
257 277 291 321 2
775 274 1334 329 PHILOSOPHIAE
1375 277 1822 331 NATURALIS

1933 279 2114 342 [Mo'r.
2129 258 2386 335 μ(ἶοῑιῑὊῐῑι.

251 406 674 465 quuntur‘hypotheses
693 429 771 455 non
789 416 891 468 aegre
909 418 1037 456 referri
1063 419 1292 468 plerumque
1347 418 1507 457 tentiam
1518 431 1563 457 ex
1579 419 1780 458 tenacitate
1794 418 1893 465 data,
1913 420 1950 456 vi
1968 419 2024 457 illi
2043 419 2238 471 gravitatis
2250 431 2377 469 aequa-

250 477 411 517 possunt
438 469 486 506 ad
513 468 848 507 determinationes
876 479 1056 509 motuum
1083 484 1178 521 quas
1204 473 1289 508 aliae

249 522 393 570 priores
419 522 646 571 hypotheses
680 522 746 574 (de
774 525 914 573 quibus
940 526 988 562 ab
1020 524 1131 561 initio
1158 531 1287 562 actum

248 578 323 623 est)
344 574 597 623 suppeditant,
626 576 731 626 quod
749 575 928 625 deinceps
946 576 1204 614 ostendemus.

301 632 337 665 8.
373 628 411 665 Si
442 627 615 665 medium
647 629 689 665 in
720 641 797 679 quo
826 641 965 678 corpus
991 637 1167 667 movetur
1197 643 1283 679 per-

246 679 345 718 fecte
372 668 538 717 fluidum
565 681 625 727 sit,
654 683 727 719 hoc
754 689 822 728 est,
853 683 1023 730 partibus
1049 690 1195 720 constet
1213 695 1281 732 op-

245 732 339 772 time
356 732 541 782 laevigatis
559 734 742 784 nullaque
760 735 961 773 tenacitate
988 736 1278 781 cohaerentibus,

244 799 332 837 quae
350 785 510 835 proinde
530 787 566 823 vi
585 787 817 838 cuicumque
841 787 959 825 illatae
986 788 1134 833 cedant,
1165 796 1203 826 et
1220 802 1281 827 ce-

245 840 373 877 dendo
391 838 572 876 facillime
591 848 817 877 moveantur
834 840 933 878 inter
950 854 1002 887 se,
1025 841 1107 878 sola
1126 855 1170 879 ea
1189 854 1280 879 con-

243 891 445 931 sideranda
471 900 528 930 est
554 892 767 930 resistentia
784 906 871 943 quae
889 906 935 931 ex
955 894 1071 931 medii
1090 894 1281 932 reactione

243 952 372 983 ortum
402 945 520 991 ducit,
559 954 691 996 estque
723 946 790 983 illa
820 955 863 984 ut
894 947 1061 985 densitas
1096 947 1213 984 medii
1242 955 1280 985 et

242 998 473 1048 quadratum
501 998 708 1036 velocitatis
739 999 891 1037 mobilis
917 1000 996 1037 dati
1024 1000 1272 1051 conjunctim.

245 1052 347 1089 Haec
366 1052 470 1090 enim
496 1052 708 1090 resistentia
736 1054 822 1102 (per
842 1052 977 1090 Motfis
998 1053 1094 1103 Leg.
1120 1058 1156 1090 2.
1179 1061 1218 1091 et
1234 1059 1271 1091 5.

242 1105 331 1143 Lib.
361 1105 419 1154 1.)
438 1112 494 1142 est
512 1112 556 1142 ut
575 1105 765 1155 quantitas
784 1106 913 1143 motus
928 1106 1017 1143 dato
1035 1106 1278 1154 tempusculo

240 1157 512 1195 communicati
526 1173 538 1204 ;
570 1157 637 1196 sed
655 1158 744 1195 data
757 1159 910 1220 mobilis
923 1159 1132 1204 velocitate,
1153 1171 1277 1208 quan-

240 1210 327 1248 titas
354 1209 482 1247 molfis
509 1211 782 1249 communicati
809 1221 866 1249 est
884 1220 929 1249 ut
952 1212 1145 1262 quantitas
1171 1211 1280 1249 fluidi

238 1263 481 1311 tempusculo
499 1263 589 1301 dato
607 1264 808 1310 movenda,
842 1266 915 1302 hoc
939 1273 1007 1310 est,
1041 1272 1086 1302 ut
1112 1265 1278 1302 densitas

238 1316 380 1362 medii;
418 1315 508 1354 data
538 1324 668 1354 autem
698 1318 816 1355 medii
848 1318 1046 1362 densitate,
1084 1318 1276 1366 quantitas

237 1368 365 1407 motus
392 1370 666 1407 communicati
685 1377 741 1407 est
759 1378 804 1407 ut
829 1370 1021 1421 quantitas
1044 1369 1158 1407 fluidi
1186 1370 1275 1407 dato

236 1422 479 1471 tempusculo
493 1421 735 1468 dimovenda,
756 1431 795 1461 et
813 1431 857 1460 ut
870 1422 1048 1460 velocitas
1063 1421 1137 1472 qua
1153 1435 1275 1472 quan-

235 1475 324 1513 u'tas
342 1474 409 1512 illa
427 1474 537 1511 fluidi
555 1484 731 1512 movetur
748 1475 997 1526 conjunctim,
1027 1484 1065 1513 et
1083 1476 1273 1525 quantitas

237 1527 347 1565 fluidi
365 1527 456 1566 dato
475 1529 717 1576 tempusculo
737 1528 967 1567 dimovenda
980 1528 1171 1565 velocitati
1189 1541 1273 1565 mo-

235 1581 324 1619 bilis
342 1580 635 1630 proportionalis
655 1589 721 1627 est,
753 1595 890 1630 corpus
908 1581 1013 1618 enim
1032 1580 1152 1629 duplo
1170 1581 1273 1618 velo-

239 1635 321 1672 cius
347 1635 478 1677 altero,
514 1633 635 1682 duplo
662 1635 787 1685 majus
805 1634 970 1683 spatium
989 1634 1030 1671 in
1049 1633 1170 1671 fluido
1189 1646 1272 1681 per·

232 1695 373 1733 curret,
393 1688 522 1736 sicque
541 1686 661 1736 duplo
679 1688 855 1736 pluribus
869 1687 1066 1737 particulis
1084 1693 1270 1724 occurret.

241 1742 372 1785 Quare
401 1739 490 1778 data
518 1739 706 1779 densitate
735 1740 862 1782 medii,
896 1740 1108 1777 resistentia
1139 1747 1195 1777 est
1231 1747 1273 1778 ut

236 1795 467 1845 quadratum
507 1792 708 1831 celeritatis
747 1793 912 1839 mobilis,
958 1801 1073 1843 atque
1109 1791 1206 1831 ade&
1241 1793 1273 1831 si

235 1860 360 1897 neque
395 1846 507 1884 fluidi
538 1845 716 1893 densitas,
757 1859 884 1896 neque
919 1846 1072 1884 mobilis
1103 1845 1275 1884 celeritas

234 1900 324 1938 data
342 1900 401 1944 sit,
423 1900 495 1937 erit
512 1899 723 1937 resistentia
739 1907 785 1937 ut
802 1899 920 1937 medii
938 1898 1105 1937 densitas
1123 1906 1162 1936 et
1179 1912 1274 1948 qua-

234 1953 388 1991 dratum
406 1952 616 1990 velocitatis
634 1953 884 2004 conjunctim,
905 1960 1020 2002 atque
1038 1952 1121 1989 haec
1139 1959 1196 1989 est
1213 1964 1274 1989 re-

232 2006 402 2044 sistentia
419 2019 506 2056 quae
526 2012 654 2043 ortum
668 2006 776 2044 ducit
788 2007 836 2043 ab
848 2005 984 2042 inertia
998 2004 1274 2053 particularum

233 2059 342 2097 fluidi
360 2073 456 2110 quas
474 2071 611 2107 corpus
629 2068 779 2096 motum
798 2071 819 2096 e
838 2058 923 2095 loco
941 2058 1110 2096 dimovet
1135 2065 1174 2095 et
1188 2071 1274 2108 quae

229 2112 271 2150 in
290 2112 541 2151 velocioribus
558 2112 727 2149 motibus
746 2112 827 2150 sola
845 2111 925 2149 fere
942 2113 1173 2149 observatur.

284 2171 320 2205 9.
357 2166 491 2203 Altera
503 2164 716 2202 resistentia
727 2177 814 2215 quae
828 2177 875 2202 ex
888 2164 1090 2202 tenacitate
1103 2163 1271 2213 partium

230 2218 339 2256 fluidi
358 2217 562 2255 uniformis
581 2218 760 2264 nascitur,
788 2224 965 2255 constans
983 2224 1051 2263 est,
1081 2224 1148 2254 aut
1165 2216 1271 2266 quod

229 2271 333 2309 idem
348 2279 413 2312 est,
435 2271 616 2319 temporis
629 2278 827 2308 momento
845 2269 1152 2320 proportionalis,
1167 2276 1270 2307 ea'm-

228 2338 305 2375 que
322 2325 362 2362 in
382 2323 605 2362 tardissimis
623 2324 792 2361 motibus
806 2323 1023 2361 sensibilem
1036 2322 1186 2361 faciunt
1203 2335 1269 2360 ex-

229 2378 452 2426 perimenta.
514 2377 556 2415 Si
582 2377 686 2414 enim
705 2377 874 2426 partium
892 2376 1003 2414 fluidi
1029 2375 1194 2414 cohaesio
1220 2376 1269 2413 sit

229 2431 372 2481 ubique
391 2430 537 2476 eadem,
565 2431 603 2467 vi
627 2429 799 2480 quadam
826 2428 1078 2467 determinata
1096 2441 1193 2477 opus
1211 2436 1268 2466 est

228 2494 273 2521 ut
290 2491 414 2532 partes
441 2483 517 2520 illae
544 2491 776 2531 separentur,
810 2482 1035 2532 corporique
1061 2482 1266 2520 transitum

229 2539 434 2586 praebeant,
472 2535 716 2586 quacumque
747 2535 906 2573 demum
935 2534 1134 2573 velocitate
1165 2534 1265 2572 illud

226 2591 381 2635 feratur,
409 2597 449 2626 et
467 2588 554 2626 ide&
574 2590 629 2626 vis
647 2589 714 2626 illa
731 2589 953 2627 resistentiae
972 2600 1063 2626 cum
1082 2588 1119 2625 vi
1137 2588 1262 2638 gravi-

226 2645 314 2680 tatis
333 2642 528 2687 uniformi,
555 2655 641 2691 quae
661 2641 828 2690 corporis
846 2640 1085 2679 ascendentis
1110 2648 1263 2678 motum

224 2696 401 2739 retardat,
430 2696 594 2733 conferri
622 2702 756 2743 potest.
811 2695 916 2732 Nam
944 2706 1101 2742 corpora
1120 2693 1199 2731 duo
1217 2694 1269 2731 si-

232 2748 337 2786 milia
356 2747 573 2805 etlaequalia
591 2760 679 2790 cum
700 2747 781 2797 pari
800 2747 998 2786 velocitate
1009 2760 1031 2785 e
1042 2746 1135 2786 locis
1152 2747 1184 2785 C
1196 2753 1267 2785 etc

489 2836 498 2895 Ι

199 3538 267 3574 per
279 3526 400 3564 lineas
422 3526 454 3565 C
477 3527 529 3572 E,
550 3539 571 3564 c
589 3538 622 3569 e,
644 3524 692 3563 ad
712 3532 854 3562 rectam
877 3522 909 3577 C
922 3534 943 3560 c
961 3522 1153 3560 normales
1166 3534 1252 3571 pro-

196 3580 393 3629 jiciantur,
423 3587 461 3618 et
488 3581 528 3617 in
557 3579 651 3616 locis
677 3576 787 3628 aeque
815 3575 901 3613 altis
923 3577 960 3612 A
981 3583 1020 3613 et
1037 3588 1071 3621 a,
1103 3575 1138 3612 B
1160 3583 1197 3612 et
1215 3578 1252 3620 b,

211 3633 251 3670 D
279 3640 318 3670 et
347 3633 385 3676 d,
424 3634 494 3671 «Sco.
536 3631 722 3681 aqualem
751 3629 946 3677 patiantur
973 3628 1252 3674 resistentiam3

205 3697 344 3733 corpus
375 3686 531 3736 quidem
566 3686 598 3722 C
636 3682 885 3721 resistentiam
916 3681 1134 3731 experiatur
1165 3693 1187 3717 a
1219 3681 1255 3717 vi

207 3738 402 3787 gravitatis
429 3745 628 3777 constante
659 3740 764 3786 (quae
792 3735 833 3771 in
860 3734 953 3771 locis
977 3736 1026 3780 A,
1053 3735 1102 3779 B,
1126 3733 1183 3778 D,
1208 3733 1255 3776 E,

205 3793 275 3830 διε.
299 3791 453 3830 tantum
473 3791 581 3844 agat)
602 3788 822 3835 oriundam,
843 3798 981 3836 corpus
999 3785 1090 3825 vero
1107 3799 1128 3824 e
1146 3786 1257 3824 resis-

1341 472 1383 517 li,
1413 472 1455 508 in
1481 472 1573 509 locis
1600 471 1752 510 tantum
1770 486 1802 516 a,
1824 475 1860 518 b,
1881 473 1918 517 d,
1939 474 2007 511 &c-
2031 482 2210 522 reagente
2229 481 2350 509 ortam
2362 486 2376 518 ;

1341 524 1381 560 in
1408 525 1537 573 spatiis
1564 523 1653 563 verb
1678 525 1912 562 intermediis
1936 528 1972 563 A
1996 527 2030 563 B
2051 533 2086 563 et
2107 539 2130 563 a
2147 527 2182 569 b,
2217 526 2252 563 B
2275 526 2315 562 D
2335 532 2375 562 et

1342 578 1367 614 b
1386 577 1423 622 d,
1444 578 1513 615 ὅτε.
1546 578 1700 615 nullum
1719 578 1768 616 sit
1785 579 1953 616 motibus
1980 578 2244 625 obstaculum3
2279 577 2375 615 dum

1341 642 1500 678 corpora
1525 631 1753 679 perveniunt
1778 631 1820 667 in
1845 631 1878 667 A
1900 640 1937 668 et
1955 645 1989 676 a,
2019 631 2207 680 aequalem
2233 632 2374 668 habent

1338 682 1588 726 velocitatem,
1611 691 1649 721 et
1667 682 1806 721 deinde
1824 684 1932 721 victis
1950 684 2160 734 aequalibus
2177 683 2218 720 in
2242 685 2277 720 A
2299 690 2337 720 et
2351 695 2375 720 a

1334 736 1550 782 obstaculis,
1581 736 1664 784 pari
1691 736 1816 775 adhuc
1844 737 2041 775 velocitate
2059 749 2126 785 per
2152 737 2273 785 spatia
2299 736 2374 772 mi-

1337 787 1442 826 nime
1460 789 1670 827 resistentia
1691 790 1728 826 A
1753 790 1788 827 B
1808 797 1846 827 et
1864 803 1886 827 a
1903 792 1941 836 b,
1969 790 2171 835 feruntur3
2200 796 2239 827 et
2256 788 2373 825 simili

1335 841 1462 883 modo,
1492 844 1542 878 ob
1560 843 1726 891 aequales
1738 842 1967 880 resistentias
1984 843 2026 879 in
2045 843 2137 880 locis
2160 843 2194 879 B
2212 849 2250 879 et
2267 843 2292 879 b
2303 854 2370 889 per

1335 893 1455 942 spatia
1475 895 1510 932 B
1535 895 1574 932 D
1594 902 1632 932 et
1649 897 1673 932 b
1692 896 1717 932 d
1736 895 1853 932 simul
1879 905 2094 940 moventur,
2123 902 2161 933 et
2187 894 2240 932 ita
2264 895 2371 932 dein-

1335 958 1423 994 ceps
1456 947 1617 985 eandem
1645 961 1792 997 semper
1819 948 2057 986 velocitatem
2084 948 2125 984 in
2153 947 2245 984 locis
2263 947 2373 997 aeque

1335 999 1421 1037 altis
1435 1001 1588 1038 habent.
1646 1000 1880 1038 Minuantur
1892 1002 1974 1051 jam
1989 1001 2151 1050 aequalia
2167 1000 2233 1037 illa
2251 999 2372 1048 spatia

1335 1052 1375 1089 A
1399 1053 1434 1090 B
1454 1060 1493 1090 et
1510 1066 1534 1090 a
1551 1054 1588 1099 b,
1616 1053 1649 1090 Β
1673 1054 1714 1091 D
1733 1063 1771 1091 et
1788 1056 1813 1092 b
1831 1053 1869 1099 d,
1890 1055 1958 1092 ἃς.
1977 1066 2015 1092 et
2034 1066 2168 1091 eorum
2187 1065 2371 1090 numerus

1332 1113 1519 1154 augeatur
1537 1106 1576 1143 in
1595 1106 1803 1150 infinitum,
1832 1115 1877 1145 ut
1904 1107 1959 1144 vis
1985 1106 2179 1157 gravitatis
2196 1113 2235 1143 et
2260 1106 2371 1143 resis-

1330 1158 1458 1196 tentiae
1476 1159 1575 1196 actio
1589 1159 1648 1196 vel
1667 1159 1806 1198 reactio
1821 1159 2003 1198 continua
2018 1159 2210 1204 reddatur,
2231 1165 2269 1196 et
2287 1171 2370 1196 cor-

1336 1223 1430 1259 pora
1447 1210 1527 1248 duo
1545 1212 1706 1249 eandem
1725 1212 1868 1263 ubique
1885 1213 2135 1250 resistentiam
2163 1212 2367 1260 patientur,

1335 1270 1372 1300 et
1390 1264 1432 1300 in
1451 1263 1543 1301 locis
1561 1263 1669 1313 aeque
1688 1265 1774 1303 altis
1801 1265 1961 1303 eandem
1989 1265 2228 1303 velocitatem
2254 1266 2370 1301 habe-

1329 1317 1438 1354 bunt.
1488 1316 1620 1361 Quare
1638 1318 1852 1355 resistentia
1869 1330 1956 1368 quoe
1976 1330 2023 1355 ex
2037 1318 2146 1355 fluidi
2164 1317 2367 1355 tenacitate

1330 1375 1461 1406 ortum
1480 1368 1598 1414 ducit,
1628 1377 1753 1418 potest
1780 1383 1870 1408 cum
1889 1371 1927 1407 vi
1946 1371 2140 1421 gravitatis
2167 1369 2371 1407 uniformis

1329 1422 1552 1469 comparari,
1575 1422 1664 1460 licet
1681 1423 1798 1460 medii
1817 1424 1999 1461 tenacitas
2018 1424 2057 1461 in
2077 1436 2216 1471 corpus
2240 1422 2367 1472 quies-

1329 1486 1421 1511 cens
1450 1475 1571 1526 (quod
1590 1476 1747 1526 quidem
1767 1476 1803 1512 vi
1818 1477 2011 1527 gravitatis
2038 1489 2189 1525 semper
2215 1487 2368 1526 urgere·

1328 1526 1410 1575 tur)
1432 1540 1544 1578 agere
1563 1528 1673 1566 nullo
1690 1528 1807 1567 modo
1825 1530 1957 1578 possit.

1383 1584 1444 1618 lo.
1480 1581 1530 1617 In
1548 1580 1676 1618 fluidis
1694 1581 1813 1632 igitur
1825 1582 2028 1621 tenacitate
2039 1582 2168 1633 aliqua
2182 1580 2363 1631 praeditis,

1326 1632 1542 1671 resistentia
1559 1641 1618 1672 est
1634 1635 1773 1683 partim
1790 1636 2006 1682 uniformis,
2026 1635 2166 1685 partim
2185 1634 2367 1673 velocita-

1329 1685 1378 1723 tis
1395 1685 1580 1735 quadrato
1599 1687 1892 1736 proportionalis
1912 1691 1967 1741 (8.
1988 1689 2049 1738 9.)

1386 1742 1444 1775 11.
1477 1741 1653 1778 Lemma.
1678 1740 1740 1778 .In
1758 1740 1988 1791 quacunque
2006 1740 2229 1780 resistentiae
2247 1741 2368 1789 hypo-

1327 1790 1436 1837 thesi,
1466 1793 1634 1840 corporis
1651 1800 1729 1830 tam
1749 1794 1790 1830 in
1808 1795 1937 1832 medio
1960 1795 2157 1833 resistente
2184 1800 2300 1843 quam
2327 1793 2368 1832 in

1329 1856 1450 1881 vacuo
1469 1846 1564 1882 moti
1575 1845 1754 1884 velocitas
1771 1847 1879 1885 finita
1896 1848 1937 1884 in
1956 1848 2122 1899 singulis
2140 1847 2235 1884 locis
2253 1854 2308 1883 est
2322 1855 2367 1884 ut

1329 1896 1564 1935 elementum
1583 1899 1694 1947 spatii
1714 1899 1892 1949 descripti
1909 1900 2052 1939 directe
2070 1907 2110 1938 et
2126 1907 2371 1937 momentum

1328 1950 1510 1998 temporis
1553 1963 1631 2001 quo
1674 1951 1900 1991 describitur
1942 1952 2102 1991 inverse.
2175 1952 2370 1991 Velocitas

1328 2003 1434 2039 enim
1452 2003 1657 2042 uniformis
1673 2012 1731 2043 est
1747 2011 1793 2043 ut
1810 2006 1979 2055 spatium
2004 2006 2262 2056 quodcunque
2283 2004 2369 2044 des-

1329 2056 1497 2104 criptum
1515 2057 1657 2095 directe
1676 2065 1714 2095 et
1732 2066 1884 2108 tempus
1902 2072 1980 2110 quo
1994 2060 2035 2097 id
2048 2059 2215 2108 spatium
2228 2058 2369 2097 descri-

1328 2107 1431 2145 bitur
1459 2108 1620 2147 inverse.
1680 2111 1732 2148 In
1757 2112 1887 2150 medio
1913 2120 2043 2151 autem
2061 2113 2140 2150 sive
2167 2112 2365 2149 resistente

1331 2160 1410 2198 sive
1442 2175 1564 2200 vacuo
1591 2162 1769 2202 velocitas
1796 2178 1865 2214 per
1899 2166 2065 2215 spatium
2101 2164 2252 2203 infinite
2282 2177 2369 2215 par-

1325 2226 1418 2250 vum
1438 2215 1636 2265 aequabilis
1655 2224 1711 2254 est
1732 2218 1811 2268 (6.)

1383 2272 1442 2304 12.
1470 2271 1588 2307 Corol.
1616 2274 1650 2307 1.
1687 2270 1798 2308 Hinc
1827 2271 2011 2321 temporis
2041 2278 2283 2310 momentum
2311 2278 2369 2309 est

1326 2326 1371 2356 ut
1397 2328 1639 2359 momentum
1666 2335 1734 2360 seu
1762 2324 1998 2363 elementum
2024 2325 2135 2373 spatii
2163 2322 2303 2362 directe
2329 2331 2368 2361 et

1326 2372 1507 2411 velocitas
1523 2373 1695 2422 inverse3
1722 2385 1966 2416 momentum
1985 2375 2075 2415 vero
2092 2376 2204 2426 spatii
2231 2385 2275 2414 ut
2302 2390 2366 2415 ve-

1325 2424 1459 2464 locitas
1477 2434 1515 2464 et
1532 2436 1774 2466 momentum
1794 2430 1976 2479 temporis
1994 2430 2242 2481 conjunctim.

1378 2483 1437 2516 15.
1475 2483 1592 2519 Corol.
1628 2486 1662 2518 2.
1707 2482 1747 2519 Si
1780 2483 1899 2533 igitur
1929 2483 2108 2521 velocitas
2143 2483 2292 2521 dicatur
2328 2496 2362 2530 v,

1319 2531 1487 2579 spatium
1514 2533 1748 2583 descriptum
1776 2549 1805 2582 s,
1840 2544 1993 2586 tempus
2018 2548 2097 2586 quo
2123 2535 2362 2585 descriptum

1320 2622 1377 2653 est
1403 2624 1420 2654 t
1445 2587 1727 2689 eritvaeg—{‚
1762 2620 1865 2659 vdt
1890 2637 1947 2658 =
1975 2620 2173 2659 dsetdt
2202 2637 2260 2657 =
2289 2588 2359 2690 EIVS,

1323 2702 1566 2788 surgptisque
1597 2700 1807 2742 fluentibus
1841 2703 1879 2742 S.
1912 2715 1935 2740 v
1960 2702 1989 2741 d
2016 2711 2033 2741 t
2057 2719 2114 2740 =
2140 2717 2169 2751 s,
2203 2711 2241 2743 et
2268 2711 2285 2741 t
2314 2721 2372 2742 =

1430 2766 1449 2790 s

1318 2782 1359 2822 s.
1383 2809 1461 2857 Τ·

1377 2876 1440 2909 14.
1477 2876 1596 2913 Cor-ol.
1627 2881 1665 2915 5.
1715 2878 1754 2916 Si
1784 2877 1837 2916 ita
1872 2878 2060 2928 descripta
2092 2877 2210 2916 fuerit
2245 2889 2362 2916 curva

1327 2925 1364 2963 B
1389 2925 1423 2963 P
1446 2926 1477 2964 C
1497 2934 1542 2965 ut
1568 2930 1651 2980 ejus
1676 2931 1875 2978 applicatae
1905 2933 1952 2969 M
1976 2932 2021 2978 P,
2041 2944 2081 2969 m
2099 2945 2137 2981 p,
2158 2930 2220 2968 axi
2243 2932 2280 2968 A
2304 2931 2358 2977 D»

1319 2978 1522 3024 normaleS,
1554 2993 1749 3030 exponant
1768 2985 2006 3024 velocitatem
2025 2997 2061 3030 ν,
2090 2992 2129 3023 et
2146 2982 2319 3023 abscissae
2337 2997 2361 3022 a

1773 3114 1816 3157 P
1851 3118 1879 3155 Ρ
2001 3112 2037 3151 C

1489 3569 1543 3615 Α
1711 3603 1714 3607 ,
1756 3563 1813 3609 Μ
1825 3563 1874 3593 '11¹
2161 3550 2211 3608 15

1314 3689 1459 3730 puncto
1487 3681 1565 3720 fixo
1597 3683 1636 3720 A
1663 3689 1828 3731 sumptae
1862 3684 1901 3720 A
1923 3683 1984 3729 M,
2020 3685 2054 3721 A
2076 3697 2117 3721 m
2146 3691 2298 3733 tempus
2323 3692 2350 3730 t,

1314 3742 1562 3784 erectumque
1575 3736 1623 3772 sit
1635 3735 1956 3783 perpendiculum
1978 3737 2014 3773 A
2029 3737 2064 3774 B
2080 3750 2126 3774 cu
2133 3750 2207 3773 rvae
2222 3751 2348 3777 occur-

1313 3799 1401 3825 rens
1422 3787 1462 3825 in
1484 3788 1533 3834 B,
1554 3800 1642 3826 area
1663 3788 1700 3826 A
1720 3788 1755 3826 B
1774 3788 1810 3826 P
1829 3789 1878 3826 M
1897 3789 2054 3839 exponit
2071 3790 2236 3838 spatium
2253 3801 2346 3828 tem-
