2502 4192
240 300 311 349 4<›

317 437 482 489 Corol.
506 444 555 495 5,
597 437 669 489 Et
694 436 803 488 vice
829 436 993 500 versa,
1023 438 1065 490 si
1090 438 1242 490 datur

237 528 509 597 proportio
570 527 876 581 resistentiae
943 527 1011 577 ad
1069 526 1243 584 datam

236 617 468 688 quamvis
484 617 588 668 vim
605 616 803 684 centrip
813 626 948 667 etam
957 634 971 677 ;
993 617 1066 685 (†)
1089 616 1242 667 datur

236 717 443 776 tempus
473 707 525 758 A
544 706 606 769 C,
636 725 740 775 quo
758 705 835 757 vis
853 706 1137 774 centripeta
1162 725 1244 757 re-

240 797 486 849 sistentiae
529 795 743 865 aequalis
781 813 1033 865 generare
1081 795 1244 863 possit

237 886 564 938 velocitatem
590 883 821 954 quamvis
851 884 897 934 A
931 883 1006 935 B:
1047 893 1099 935 et
1124 884 1244 935 inde

240 976 394 1028 datur
419 984 672 1043 punctum
700 973 747 1024 B
767 991 861 1047 per
887 973 1026 1042 quod
1052 974 1243 1043 hyper-

238 1066 361 1118 bola
381 1063 683 1135 asymptotis
714 1063 759 1113 C
778 1062 858 1125 H,
889 1063 935 1121 C
951 1063 1024 1125 D,
1053 1063 1244 1114 descri-

235 1156 291 1208 bi
307 1157 484 1216 debet;
521 1156 585 1224 (⁶1)
606 1165 664 1207 ut
679 1164 731 1206 et
747 1154 969 1222 spatium
981 1155 1031 1205 A
1044 1155 1090 1206 B
1103 1155 1155 1207 G
1170 1155 1241 1217 D,

239 1246 382 1316 quod
439 1263 626 1314 corpus
687 1242 984 1311 incipiendo
1045 1254 1246 1295 motum

239 1354 393 1387 suum
451 1353 570 1386 cum
631 1333 900 1385 velocitate
948 1331 1037 1383 illa
1087 1334 1140 1385 A
1179 1333 1243 1396 B,

780 293 1344 347 PHILOSOPHIAE
1371 292 1822 346 NATURALIS
1908 290 2090 357 [Mo'r.
2121 290 2369 342 Conpon.

1344 458 1382 499 H

1389 1322 1427 1373 C
1724 1331 1892 1376 AKL
1914 1331 1978 1375 M
2040 1331 2087 1376 T

236 1438 471 1494 tempore
532 1424 713 1494 quovis
776 1422 828 1473 A
878 1423 951 1486 D,
1015 1423 1070 1474 in
1118 1424 1292 1479 medio
1353 1423 1565 1476 similari
1613 1424 1880 1478 resistente
1927 1423 2220 1475 describere
2279 1440 2372 1490 po-

237 1526 351 1573 test,

236 1698 333 1736 quas
362 1684 453 1722 dato
481 1691 654 1732 tempore
679 1683 901 1732 producunt
928 1684 1012 1736 (13.
1039 1682 1127 1721 Lib.
1153 1681 1212 1732 Ι.)
1241 1689 1281 1721 et

235 1737 325 1776 ideo
351 1739 424 1776 erit
449 1737 665 1775 resistentia
690 1737 816 1784 prima
842 1736 892 1774 ad
909 1735 1134 1787 gravitatem
1152 1743 1199 1774 ut
1215 1749 1281 1773 ve·

236 1792 371 1829 locitas
402 1803 519 1840 quam
548 1789 724 1838 producit
750 1790 808 1827 vis
838 1789 1049 1838 centripeta
1075 1788 1282 1826 uniformis

236 1844 302 1882 cui
320 1844 534 1881 resistentia
550 1842 618 1881 illa
635 1842 794 1892 aequalis
811 1842 976 1890 supponi
994 1849 1127 1890 potest.
1148 1841 1199 1879 ad
1217 1854 1281 1878 ve-

236 1898 435 1936 locitatem
470 1908 588 1947 quam
623 1895 681 1933 vis
710 1895 906 1947 gravitatis
942 1895 1079 1933 eodem
1110 1903 1283 1944 tempore

236 1958 409 2003 generat.

292 2003 356 2057 (†)
376 2005 511 2043 Datur
522 2009 669 2053 tempus
682 2003 721 2040 A
734 2003 768 2042 C
777 2015 849 2053 quo
861 2002 913 2041 vis
924 2002 1138 2040 resistentioe
1150 2014 1282 2051 aequa-

235 2059 280 2097 lis
295 2070 478 2107 generare
489 2058 601 2106 possit
619 2057 848 2095 velocitatem
868 2057 906 2093 A
927 2057 978 2092 B.
1031 2054 1071 2092 Si
1090 2053 1195 2091 enim
1215 2053 1282 2091 de-

236 2119 302 2153 tur
319 2110 377 2148 vis
393 2108 573 2160 quaedam
591 2109 812 2157 centripeta‚
841 2107 995 2146 dabitur
1020 2114 1175 2157 tempus
1202 2119 1282 2158 quo

236 2163 479 2202 velocitatem
520 2163 558 2200 A
594 2162 630 2199 B
671 2174 856 2211 generare
895 2167 1045 2209 potest:
1104 2168 1278 2208 tempora

238 2225 368 2255 autem
396 2210 536 2266 quibus
560 2214 718 2252 diversae
744 2213 843 2251 vires
869 2214 1088 2262 centripetae
1106 2213 1282 2252 eamdem

237 2269 480 2307 velocitatem
514 2279 699 2317 generare
733 2273 908 2316 possunt,
941 2274 1033 2304 sunt
1063 2264 1211 2304 inverse
1238 2275 1282 2305 ut

238 2323 319 2360 illae
336 2322 458 2368 vires;
488 2333 581 2371 ergo
598 2320 631 2358 si
649 2320 764 2358 datur
788 2319 885 2357 ratio
903 2319 959 2357 vis
977 2319 1198 2368 centripetae
1216 2320 1281 2358 cui

238 2374 451 2414 resistentia
477 2381 536 2411 est
561 2372 719 2424 aequalis
736 2372 786 2410 ad
804 2372 919 2410 aliam
937 2372 1020 2410 vim
1042 2372 1182 2416 datam,
1212 2373 1281 2410 da-

240 2428 345 2467 bitur
375 2427 473 2465 ratio
508 2426 691 2475 temporis
755 2438 806 2463 uo
841 2426 924 2463 haec
952 2426 1010 2463 vis
1040 2425 1280 2464 velocitatem

243 2483 283 2520 A
305 2482 342 2520 B
362 2492 543 2531 generare
560 2486 685 2528 potest
702 2492 725 2517 a
769 2486 923 2527 tempus
940 2490 1018 2528 quo
1042 2478 1098 2516 vis
1127 2478 1190 2516 cui
1223 2491 1282 2517 re-

241 2533 413 2572 sistentia
443 2540 501 2571 est
532 2532 691 2582 aequalis
718 2544 804 2570 eam
832 2531 1075 2570 velocitatem
1111 2539 1281 2585 generat,

241 2589 315 2625 hoc
333 2596 391 2625 est
407 2586 524 2624 datur
540 2593 695 2634 tempus
721 2586 759 2622 A
785 2585 829 2622 C.
1117 2589 1119 2591 “

295 2639 353 2692 (q)
387 2642 410 2664 ³*
453 2642 507 2679 Ut
529 2646 564 2677 et
590 2642 755 2688 spatium
785 2640 823 2675 A
842 2640 881 2676 B
904 2639 938 2676 G
957 2640 1015 2677 D.
1076 2637 1154 2675 His
1179 2637 1285 2675 enim

244 2693 354 2738 datis,
375 2691 490 2731 datur
506 2690 591 2730 tum
611 2703 698 2730 area
719 2693 757 2728 A
780 2691 816 2729 B
840 2691 878 2728 G
901 2691 955 2737 D,
976 2689 1062 2729 tum
1079 2697 1284 2742 rectangu-

242 2746 328 2784 lum
360 2746 399 2784 A
422 2746 458 2784 B
480 2750 522 2791 ><
544 2746 582 2782 Α
614 2745 666 2790 D,
700 2743 788 2783 tum
815 2743 983 2792 spatium
1015 2743 1122 2793 quod
1147 2756 1285 2792 corpus

243 2809 415 2848 tempore
433 2799 470 2836 A
489 2799 544 2844 D,
560 2809 650 2835 cum
664 2796 754 2836 data
766 2796 967 2834 velocitate
979 2796 1163 2834 uniformi
1182 2798 1220 2834 A
1233 2797 1283 2841 B,

243 2852 473 2890 describeret
489 2850 531 2887 in
548 2850 678 2889 medio
695 2862 772 2887 non
788 2849 997 2892 resistente,
1018 2848 1181 2899 ideoque
1194 2862 1285 2887 cum

243 2906 293 2943 sit
328 2904 634 2951 ABxAD,
664 2903 715 2940 ad
748 2903 785 2940 A
817 2902 853 2940 B
886 2902 924 2940 G
955 2902 1010 2948 D,
1043 2910 1089 2939 ut
1117 2902 1285 2950 spatium

246 2966 418 3006 tempore
440 2958 479 2995 A
507 2957 543 2994 D
571 2964 610 2994 et
627 2956 825 2994 velocitate
861 2956 898 2992 A
921 2955 956 2993 B
976 2955 1018 2991 in
1049 2954 1179 2992 medio
1207 2967 1285 2992 non

245 3011 443 3049 resistente
461 3008 693 3058 descriptum
714 3008 764 3047 ad
781 3007 946 3058 spatium
962 3009 1097 3045 eodem
1116 3015 1288 3056 tempore

247 3064 482 3112 descriptum
512 3062 555 3100 in
586 3062 716 3101 medio
752 3061 950 3100 resistente
987 3062 1073 3111 (per
1104 3061 1192 3099 Cor.
1225 3060 1287 3110 2.)

246 3117 319 3155 hoc
337 3116 505 3165 spatium
524 3114 688 3153 dabitur.

302 3173 365 3207 81.
397 3170 597 3208 Scholium.
645 3168 782 3219 Hujus
808 3166 1075 3216 propositionis
1093 3173 1289 3205 construe-

248 3222 303 3260 tio
321 3222 371 3260 ad
389 3221 698 3273 logarithmicam
715 3220 847 3259 reduci
865 3218 978 3259 facile
996 3226 1134 3268 posset,
1165 3219 1233 3258 sed
1251 3219 1292 3258 id

248 3275 504 3324 relinquimus
535 3274 687 3312 lectoris
717 3273 885 3317 arbitrio,
916 3272 1106 3324 generalis
1141 3272 1292 3321 proble-

253 3327 370 3366 matis
386 3328 492 3378 quod
509 3327 693 3377 sequitur,
714 3325 947 3364 solutionem
966 3325 1196 3375 analyticam
1214 3332 1292 3364 tra·

249 3380 370 3420 dituri
387 3388 432 3419 ut
449 3379 681 3419 inventionis
699 3379 787 3418 fons
805 3379 885 3429 ipse
904 3379 1106 3428 aperiatur.

598 3524 951 3565 PROBLEMA.

310 3637 374 3671 82.
409 3630 586 3671 Definire
619 3638 771 3670 motum
801 3630 970 3681 corporis
1000 3630 1080 3679 solii
1111 3630 1149 3670 vi
1184 3628 1298 3668 insita

252 3686 322 3724 lati
350 3687 392 3723 in
411 3683 540 3723 medio
557 3683 663 3734 quod
681 3683 822 3723 resistit
846 3684 888 3722 in
914 3684 1063 3723 ratione
1090 3682 1298 3732 compositfi

254 3751 303 3776 ex
321 3738 485 3786 simplici
502 3737 652 3776 ratione
670 3736 869 3775 densitatis
886 3737 1016 3783 medii,
1036 3745 1075 3776 et
1092 3735 1226 3788 quavis
1239 3748 1299 3775 ra-

254 3794 360 3831 tione
378 3789 633 3841 multiplicata
655 3789 858 3832 celeritatis
875 3786 1039 3831 mobilis.

1387 1683 1425 1721 E
1459 1682 1546 1722 loco
1574 1682 1615 1721 A
1642 1681 1860 1734 egrediatur
1890 1693 2029 1730 corpus
2060 1692 2151 1718 cum
2177 1677 2376 1716 velocitate

1333 1735 1423 1774 dat-‘2⁴1
1440 1750 1462 1774 c
1480 1743 1518 1774 et
1535 1744 1708 1784 tempore
1725 1742 1743 1773 t
1760 1735 1946 1772 describat
1963 1741 2106 1771 rectam
2137 1734 2174 1770 A
2195 1732 2245 1769 M
2264 1748 2321 1767 =
2341 1743 2372 1777 s,

1333 1789 1459 1839 sitque
1473 1790 1556 1839 ejus
1574 1789 1754 1827 velocitas
1771 1788 1812 1825 in
1833 1788 1881 1825 M
1899 1803 1956 1824 =
1976 1800 1999 1824 v
2017 1786 2183 1824 densitas
2196 1783 2316 1822 medii
2332 1784 2374 1821 in

1334 1842 1469 1881 eodem
1487 1843 1572 1880 loco
1584 1858 1642 1879 =
1660 1843 1702 1888 k,
1722 1848 1761 1879 et
1777 1840 1989 1879 resistentia
2005 1853 2024 1876 r
2042 1839 2113 1878 erit
2140 1841 2222 1891 (17.
2232 1838 2296 1927 )kr
2313 1837 2339 1874 d
2357 1850 2377 1874 s

2296 1902 2319 1926 v
2339 1890 2377 1920 ¹¹»

1418 1948 1474 1959 —
1498 1940 1522 1964 v
1549 1927 1576 1966 d
1603 1940 1639 1965 v.
1699 1926 1875 1965 Ponatur
1900 1924 2112 1964 resistentia
2137 1936 2158 1960 r
2174 1939 2231 1960 =
2276 1956 2332 1993 a„
2361 1949 2374 1968 ‚

2157 2000 2168 2009 ⁹
2180 2009 2209 2047 k
2231 2022 2253 2046 v
2274 2009 2295 2027 ¹¹
2312 2008 2339 2045 d
2356 2020 2376 2044 s

2245 2074 2309 2113 α’·

1333 2126 2372 2179 =-vdv,ethinckds=-a⁸v1-—”dv.

1336 2187 1413 2224 Per
1430 2192 1624 2235 punctum
1644 2185 1706 2231 M,
1726 2184 1895 2234 erigatur
1912 2183 1963 2222 ad
1984 2184 2023 2221 A
2040 2183 2102 2231 M,
2121 2180 2376 2231 perpendicu-

1334 2240 1419 2277 lum
1439 2240 1488 2278 M
1513 2240 1547 2278 P
1564 2238 1670 2290 quod
1689 2245 1856 2288 exponat
1881 2237 2000 2276 medii
2027 2236 2255 2275 densitatem
2279 2234 2308 2272 k
2333 2232 2375 2270 in

1335 2045 1458 2097 sitque
1486 2059 1510 2085 a
1538 2045 1731 2097 quantitas
1758 2044 1859 2091 data,
1889 2052 1928 2083 et
1955 2042 2156 2083 habebitur

1374 2374 1420 2415 Ι)

1356 2929 1415 2975 A
1726 2924 1791 2970 M
1809 2927 1872 2961 m

1341 3064 1428 3103 loco
1455 3064 1516 3107 M,
1544 3063 1669 3114 sitque
1689 3063 1731 3102 D
1753 3063 1789 3101 P
1807 3075 1832 3111 p
1850 3074 1967 3100 curva
1983 3075 2100 3113 quam
2127 3069 2315 3111 punctum
2345 3061 2380 3099 P

1342 3115 1530 3167 perpetuo
1557 3118 1696 3166 tangit,
1728 3123 1768 3154 et
1797 3123 1923 3154 erecto
1951 3116 2072 3154 altero
2105 3113 2381 3164 perpendiculo

1343 3183 1385 3208 m
1403 3183 1429 3220 p
1446 3170 1564 3219 priori
1593 3170 1640 3208 M
1664 3170 1699 3207 P
1724 3167 1875 3207 infinite
1901 3168 2116 3219 propinquo
2133 3176 2179 3206 ut
2196 3167 2246 3205 sit
2274 3167 2319 3205 M
2339 3179 2381 3203 m

1344 3222 1495 3268 =ds,
1529 3223 1600 3261 erit
1628 3222 1865 3265 elementum
1896 3222 1943 3259 Μ
1972 3219 2380 3271 Ppm=kds=

1344 3298 1399 3308 —
1415 3289 1440 3315 a
1460 3275 1479 3295 ¹¹
1500 3289 1522 3315 v
1541 3278 1554 3299 ¹
1571 3290 1619 3297 -
1638 3275 1657 3293 '¹
1676 3274 1702 3312 d
1730 3288 1765 3321 v,
1800 3274 2038 3325 sumptisque
2055 3273 2277 3319 fluentibus,
2296 3284 2384 3310 area

1349 3362 1388 3400 A
1411 3360 1453 3400 D
1471 3361 1507 3400 Ρ
1524 3361 1571 3400 Μ
1581 3376 1638 3397 ξ
1654 3327 2013 3391 §.ze-¹¹12:

1768 3397 1792 3429 2
1810 3414 1864 3422 —
1882 3404 1910 3429 11

1348 3454 1528 3486 nescente
1546 3445 1634 3485 area
1659 3447 1693 3484 A
1716 3446 1758 3484 D
1781 3446 1816 3484 P
1835 3445 1897 3491 M,
1917 3444 2107 3483 evanescit
2124 3456 2278 3494 quoque
2296 3456 2326 3490 s,
2347 3449 2386 3481 et

1829 3498 1871 3541 Q
1886 3519 1939 3527 ''⁸'-
1957 3511 1981 3535 a
1999 3498 2019 3516 n
2037 3510 2059 3535 c
2075 3499 2095 3521 α
2111 3512 2161 3520 -”
2177 3496 2195 3516 n
2291 3520 2312 3536 ’Β
2369 3524 2384 3538 x

2196 3554 2208 3575 ,
2237 3534 2277 3566 et
2299 3526 2388 3566 ldeo

2025 3373 2038 3408 ;
2067 3357 2159 3409 quia
2185 3356 2274 3395 vero
2296 3369 2382 3396 eva·

1349 3530 1801 3579 fitv=c,erito=
1933 3573 2074 3600 2—11

1351 3624 1529 3656 constans
1550 3617 1663 3662 Q=
1683 3613 2142 3685 aflc2—”,a¹t¹queita
2162 3614 2201 3653 A
2224 3613 2266 3651 D
2288 3612 2388 3651 PM

1470 3671 1490 3689 n
1583 3686 1632 3692 -,
1649 3670 1669 3688 n
1800 3670 1819 3688 n
1916 3685 1964 3692 .—

1427 3683 1451 3708 8
1508 3683 1529 3708 c
1547 3672 1567 3693 2
1686 3691 1739 3701 -
1756 3683 1780 3708 a
1837 3682 1860 3706 v
1877 3671 1897 3692 2
1996 3725 2008 3737 .
2070 3697 2193 3738 Porro
2212 3697 2242 3735 si
2262 3696 2389 3737 densi-

1681 3755 1734 3764 —
1752 3746 1779 3770 n

1353 3795 1410 3827 tas
1427 3788 1467 3836 k,
1488 3800 1557 3827 seu
1578 3786 1613 3826 P
1633 3738 1693 3833 ἔα,
1723 3771 1786 3825 est'
1798 3793 1842 3825 ut
1859 3785 2008 3826 functio
2025 3786 2166 3836 quaevis
2193 3785 2302 3836 spatii
2320 3783 2389 3823 de·
