2502 4192
153 273 338 325 Lmen
366 271 636 336 Saeuum]
691 267 1092 322 PRINCIPIA
1130 265 1751 357 MATHEMATICA.
2188 275 2290 323 153

488 514 961 568 PROPOSITIO
1000 515 1217 567 XXVI.
1295 511 1748 566 THEOREMA
1788 510 1953 562 XXI.

149 683 418 750 Corporum
435 681 911 750 funependulorum,
950 678 1124 746 quibus
1147 678 1397 728 resistitur
1423 678 1478 726 in
1503 675 1703 725 ratione
1732 673 2059 734 velocitatum,
2099 672 2295 723 oscilla-

757 770 915 820 tiones
940 768 996 818 in
1020 767 1236 835 cycloide
1261 773 1374 816 sunt
1399 764 1685 816 isoclzronae.

215 930 279 998 (5)
309 929 448 981 Nam
489 931 533 981 si
576 946 794 997 corpora
835 927 960 991 due,
1003 945 1035 978 a
1073 926 1262 979 centris
1308 924 1707 994 suspensionum
1748 922 2016 994 aequaliter
2055 922 2298 975 distantia

143 1019 428 1071 oscillando
454 1019 746 1071 describant
771 1036 923 1070 arcus
960 1018 1260 1087 inaequaleS‚
1301 1028 1352 1069 et
1388 1016 1682 1068 velocitates
1720 1015 1774 1066 in
1812 1033 2027 1066 arcuum
2064 1014 2297 1082 partibus

142 1107 665 1177 correspondentibus
704 1107 806 1158 sint
824 1106 896 1158 ad
921 1106 1143 1158 invicem
1167 1116 1225 1157 ut
1250 1124 1398 1158 arcus
1437 1105 1562 1166 toti3
1601 1103 1906 1155 resistentiae
1942 1103 2298 1154 velocitatibus

140 1197 572 1268 proportionales,
614 1207 766 1249 erunt
802 1197 956 1249 etiam
994 1197 1061 1248 ad
1098 1197 1318 1248 invicem
1344 1205 1402 1247 ut
1426 1196 1581 1247 iidem
1610 1214 1777 1247 arcus.
1856 1193 2084 1246 Proinde
2111 1194 2153 1244 si
2179 1193 2321 1243 viri-¹

139 1288 236 1339 bus
261 1287 564 1339 motricibus
592 1306 622 1337 a
647 1287 899 1357 gravitate
927 1286 1177 1348 oriundis,
1218 1304 1334 1355 quae
1373 1286 1568 1337 sint'ut
1603 1284 1761 1336 iidem
1790 1302 1955 1346 arcus,
2000 1281 2299 1333 auferantur

141 1377 222 1428 vel
247 1377 505 1429 addantur
528 1378 613 1429 hae
639 1377 963 1442 resistentiae,
1006 1388 1159 1430 erunt
1194 1377 1497 1429 differentiae
1536 1377 1617 1429 vel
1656 1394 1869 1428 summae
1895 1376 1963 1427 ad
1987 1377 2208 1427 invicem
2246 1376 2300 1425 in

142 1468 323 1520 eadem
348 1487 563 1520 arcuum
600 1469 828 1521 ratione:
872 1487 1094 1539 cumque
1130 1469 1459 1521 velocitatum
1496 1469 1814 1520 incrementa
1850 1468 1929 1518 vel
1970 1467 2301 1518 decrementa

78 1619 87 1626 ⁸
141 1558 242 1608 sint
266 1567 323 1609 ut
347 1558 432 1609 hae
458 1557 764 1609 differentiae
789 1557 869 1609 vel
894 1576 1127 1621 summae,
1156 1557 1452 1609 velocitates
1473 1575 1676 1625 semper
1701 1566 1854 1614 erunt
1891 1543 1949 1607 ut
1987 1573 2136 1606 arcus
2176 1553 2298 1605 toti:

140 1646 298 1717 igitur
323 1645 635 1709 velocitates,
666 1646 709 1697 si
736 1646 838 1698 sint
863 1646 918 1697 in
943 1646 1117 1716 aliquo
1144 1663 1263 1697 casu
1289 1656 1348 1697 ut
1372 1663 1522 1696 arcus
1550 1645 1662 1707 toti,
1690 1644 1977 1695 manebunt
2004 1661 2209 1711 semper
2246 1643 2302 1693 in

139 1734 322 1787 eadem
346 1736 562 1787 ratione.
642 1734 746 1788 Sed
771 1735 825 1786 in
848 1735 1109 1804 principio
1133 1745 1321 1798 motUS,
1361 1744 1420 1786 ut
1445 1725 1667 1802 corpora
1703 1732 1958 1801 incipiunt
1983 1730 2302 1783 descendere

140 1834 192 1876 et
217 1842 365 1876 arcus
391 1824 505 1875 illos
540 1824 850 1888 describere,
889 1825 1042 1887 vires,
1087 1843 1207 1875 cum
1233 1824 1337 1876 sint
1364 1825 1585 1876 arcubus
1621 1822 2053 1892 proportionales,
2081 1839 2296 1892 genera·

138 1914 270 1965 bunt
294 1914 588 1966 velocitates
614 1914 837 1966 arcubus
876 1914 1307 1984 proportionales,
1385 1915 1531 1985 Ergo
1570 1914 1868 1966 velocitates
1907 1931 2113 1981 semper
2151 1924 2306 1963 erunt

140 2012 199 2053 ut
242 2019 389 2054 arcus
433 2003 528 2054 toti
578 2002 924 2067 describendi,
977 2013 1028 2055 et
1070 2013 1348 2074 propterea
1397 2021 1548 2055 arcus
1597 2003 1673 2054 illi
1723 2001 1875 2055 simul
1925 2002 2302 2054 describentur.

148 2091 215 2154 Q.
245 2110 288 2143 e.
318 2092 368 2144 d.

195 2252 253 2304 (Υ)
277 2255 298 2277 *
321 2255 432 2292 Nam
457 2255 490 2292 si
509 2267 665 2304 corpora
687 2258 777 2298 duo,
814 2255 983 2304 exempli
1010 2254 1127 2294 causa
1157 2255 1193 2295 B
1251 2257 1420 2295 tionales.
1481 2253 1597 2292 Vires
1623 2253 1758 2304 igitur,
1793 2260 1832 2293 et
1859 2253 2093 2296 velocitates,
2129 2260 2168 2290 et
2196 2263 2309 2290 arcus

140 2312 179 2343 et
200 2306 252 2349 D,
286 2320 310 2344 a
336 2316 465 2346 centro
494 2309 754 2357 suspensionis
780 2311 980 2359 aequaliter
998 2311 1193 2356 distantia,

141 2361 344 2398 oscillando
363 2363 574 2400 describant
601 2375 717 2400 arcus
735 2363 943 2412 inoequales
974 2362 1010 2401 B
1030 2376 1064 2407 a,
1098 2363 1140 2401 D
1159 2376 1193 2409 e,

140 2420 176 2451 et
194 2415 400 2452 velocitates
421 2416 461 2452 in
489 2428 660 2453 arcuum
672 2417 852 2464 portibus
871 2418 1195 2466 correspondenti-

140 2467 224 2512 bus,
244 2478 313 2503 seu
331 2466 372 2503 in
393 2479 556 2505 arcuum
578 2468 614 2506 B
635 2480 670 2514 a,
695 2468 736 2505 D
753 2481 774 2505 e
793 2468 1083 2518 quadrantibus,
1104 2482 1192 2518 par-

142 2519 245 2557 tibus
270 2520 403 2567 tertiis,
437 2521 521 2565 &c..
553 2523 631 2559 sint
658 2524 709 2559 ad
737 2523 900 2570 invicem
918 2531 963 2562 ut
982 2536 1097 2561 arcus
1125 2525 1194 2562 toti

145 2572 181 2610 Β
209 2585 243 2618 a,
284 2573 326 2611 D
353 2586 398 2612 e:
440 2576 659 2613 resistentiae
694 2577 947 2614 velocitatibus
979 2579 1192 2626 proportio·

141 2627 260 2672 noles,
293 2634 410 2666 erunt
440 2629 549 2666 etiam
578 2630 630 2666 ad
656 2629 817 2667 invicem
845 2637 889 2667 ut
916 2631 1031 2668 iidem
1057 2644 1187 2668 arcus-

144 2681 310 2718 Proinde
328 2682 360 2719 si
374 2682 515 2720 viribus
532 2682 755 2721 matricibus
774 2696 797 2719 a
812 2684 1002 2732 gravitate
1020 2684 1193 2722 oriundis

145 2732 380 2783 (secundum
407 2741 610 2785 tangentes
641 2734 823 2784 cycloidis
849 2736 1074 2786 agentibus)
1105 2750 1194 2786 quae

107 2830 109 2834 Ι
143 2787 221 2824 sint
238 2793 283 2825 ut
301 2788 414 2825 iidem
439 2801 554 2827 arcus
586 2788 622 2826 B
645 2802 681 2834 a,
714 2788 756 2826 D
775 2801 808 2834 e,
839 2789 1072 2839 auferantur
1099 2789 1197 2826 dum

146 2851 286 2887 corpus
330 2838 541 2886 descendit,
587 2842 645 2879 vel
681 2844 880 2880 addantur
917 2842 1014 2879 dum
1060 2855 1200 2891 corpus

145 2891 329 2938 ascendit,
362 2895 422 2931 lzae
449 2896 675 2947 ‘resistentia’
685 2913 699 2939 ,·
734 2902 851 2933 erunt
887 2897 1113 2948 differentiae
1143 2898 1203 2934 vel

146 2958 311 2983 summae
336 2948 387 2983 ad
404 2948 565 2991 invicem
592 2949 635 2986 in
661 2944 794 2986 eddem
821 2962 991 2987 arcuum
1022 2950 1167 2988 ratione
1181 2965 1195 2987 .-

146 3012 310 3049 cumque
328 3001 569 3039 velocitatum
596 3002 835 3040 incrementa
863 3004 921 3039 vel
947 3004 1198 3049 decrementa,

147 3050 238 3089 dato
257 3052 440 3100 temporis
460 3061 659 3092 momento
677 3054 821 3105 genita,
850 3056 926 3094 sint
945 3063 991 3093 ut
1010 3059 1068 3094 Izae
1088 3055 1199 3106 diffe-

147 3106 284 3144 rentiae
303 3107 360 3144 vel
376 3119 540 3144 summae
562 3106 667 3158 (18),
695 3110 904 3147 velocitates
921 3121 1064 3159 semper
1082 3116 1200 3148 erunt

110 3169 114 3209 j
148 3165 195 3196 ut
212 3171 328 3197 arcus
346 3161 414 3199 toti
435 3160 470 3197 B
490 3172 526 3206 a,
549 3159 591 3197 D
611 3173 655 3199 e:
690 3163 809 3210 igitur
826 3163 1045 3208 velocitates,
1074 3164 1107 3200 si
1124 3165 1199 3201 sint

148 3212 191 3248 in
210 3213 340 3263 aliquo
360 3225 452 3251 casu
470 3220 513 3252 ut
532 3227 649 3253 arcus
668 3216 749 3260 toti,
770 3217 978 3254 manebunt
996 3229 1142 3265 semper
1161 3217 1205 3254 in

149 3260 283 3302 elidem
318 3267 476 3304 ratione.
547 3270 622 3305 Sed
658 3269 700 3306 in
730 3270 921 3318 qnincipio
957 3267 1094 3314 motuis,
1140 3270 1206 3308 ubi

150 3329 308 3367 corpora
326 3319 524 3369 incipiunt
541 3332 564 3357 e
584 3319 679 3358 locis
701 3321 750 3365 B,
784 3321 825 3359 D
845 3324 1066 3360 descendere
1084 3329 1121 3360 et
1139 3336 1205 3360 ar-

149 3383 219 3409 cus
248 3372 327 3431 illos
356 3370 392 3409 Β
421 3384 456 3417 a,
490 3372 532 3410 D
552 3385 574 3411 e
593 3376 813 3419 describere,
847 3372 1017 3425 ideoque
1049 3375 1118 3414 ubi
1145 3388 1205 3413 re-

149 3422 325 3463 sistentia
341 3423 452 3464 nulla
470 3431 536 3474 est,
557 3427 653 3467 vires
673 3435 767 3469 sunt
784 3430 958 3470 arcubus
974 3430 1032 3468 illi
1046 3442 1205 3480 propor-

1252 2308 1447 2358 descripti,
1479 2321 1523 2346 ac
1550 2307 1714 2357 proinde
1741 2315 1781 2346 et
1807 2320 1919 2345 arcus
1938 2305 2194 2352 describendi,
2224 2319 2308 2343 ma-

1251 2369 1348 2400 nent
1379 2374 1530 2410 semper
1558 2362 1601 2398 in
1637 2360 1728 2399 data
1761 2361 1922 2398 ratione.
1984 2361 2119 2404 Quare
2147 2371 2307 2408 corpora

1251 2415 1331 2454 duo
1351 2415 1470 2453 simul
1488 2415 1719 2464 perveniunt
1746 2414 1795 2452 ad
1823 2421 2016 2464 punctum
2043 2413 2226 2450 infimum
2250 2413 2308 2459 C;

1248 2476 1287 2507 et
1314 2468 1451 2507 eodem
1478 2467 1597 2506 modo
1628 2470 1814 2518 probatur
1841 2466 1948 2518 quod
1975 2479 2087 2504 arcus
2109 2466 2142 2504 C
2162 2479 2197 2512 a,
2233 2466 2265 2504 C
2287 2479 2309 2503 e

1249 2522 1369 2560 simul
1388 2521 1620 2560 describant.

1267 2576 1274 2584 ’
1303 2577 1508 2615 Sclzolium.
1552 2575 1771 2613 Newtonus
1789 2574 1830 2611 in
1850 2573 2003 2611 duabus
2025 2571 2307 2622 Propositioni-

1251 2631 1326 2668 bus
1346 2628 1656 2677 praecedentibus
1675 2627 1844 2665 ostendit
1871 2626 2084 2677 cycloidem
2111 2639 2194 2663 esse
2220 2638 2309 2663 cur-

1253 2695 1343 2720 vam
1363 2682 1619 2728 isochronam,
1657 2682 1792 2731 (quam
1820 2680 1887 2718 alii
1915 2681 2211 2717 tautochronam
2239 2692 2309 2728 ap·

1250 2734 1435 2784 pellant,)
1456 2747 1536 2772 non
1564 2733 1719 2772 tantum
1746 2734 1787 2771 in
1819 2733 1949 2771 medio
1982 2745 2061 2770 non
2094 2732 2306 2777 resistente,

1251 2788 1320 2826 sed
1338 2788 1454 2826 etiam
1474 2788 1516 2825 in
1535 2787 1665 2826 medio
1677 2788 1782 2837 quod
1794 2786 1835 2824 in
1853 2786 2001 2824 ratione
2015 2793 2310 2824 momentorum

1256 2841 1452 2890 temporis,
1487 2849 1526 2879 et
1543 2841 1585 2878 in
1604 2841 1734 2879 medio
1752 2840 1859 2891 quod
1879 2840 2026 2878 ratione
2053 2839 2218 2889 simplici
2245 2851 2310 2876 ve-

1255 2895 1423 2933 locitatis
1451 2895 1617 2942 resistit3
1652 2905 1786 2932 verum
1815 2906 1994 2945 quaenam
2023 2893 2073 2931 sit
2099 2905 2217 2930 curva
2242 2891 2311 2930 illa

1253 2949 1508 2986 tautochrona
1526 2949 1567 2985 in
1586 2947 1790 2997 hypothesi
1809 2946 2032 2985 resistentiae
2060 2945 2310 2983 velocitatum

1253 3001 1441 3052 quadrato
1472 3001 1767 3051 proportionalis
1799 3014 1879 3038 non
1912 2999 2069 3037 indicat.
2131 2999 2310 3049 Elegan-

1253 3055 1418 3093 tissimas
1448 3056 1612 3106 hujusce
1643 3054 1901 3093 Problematis
1929 3052 2143 3091 solutiones
2169 3051 2310 3090 dedere

1254 3108 1490 3146 celeberrimi
1505 3108 1767 3146 mathematici
1783 3106 1955 3145 Eulerus
1968 3107 2082 3144 Tom.
2092 3106 2169 3144 IV.
2180 3105 2304 3144 Acad.

1258 3161 1412 3211 Petrop.
1437 3169 1476 3199 et
1497 3162 1611 3199 Tom.
1639 3161 1698 3199 ΙΙ.
1732 3160 1988 3205 Mechanicae‚
2009 3172 2161 3197 necnon
2180 3159 2303 3197 claris.

1261 3214 1513 3254 Bernoullius
1540 3214 1579 3251 in
1602 3214 1875 3252 Monumentis
1898 3213 2020 3251 Acad.
2047 3214 2148 3263 Reg.
2177 3213 2308 3250 Scien-

1263 3267 1409 3306 tiarum
1432 3267 1553 3306 Paris.
1571 3280 1632 3305 an.
1662 3272 1776 3306 1730.
1837 3267 1991 3305 Novam
2011 3266 2112 3304 viam
2131 3264 2210 3316 qua
2222 3279 2309 3303 cur-

1261 3334 1322 3359 vae
1358 3322 1625 3359 tautochronae
1660 3320 1701 3358 in
1737 3320 1868 3358 medio
1904 3319 2075 3370 quolibet
2110 3320 2309 3357 resistente

1258 3374 1407 3424 possint
1429 3373 1592 3412 inveniri
1621 3374 1771 3424 aperuit
1802 3374 1855 3413 D.
1883 3373 2074 3413 Fontaine
2101 3374 2144 3412 in
2171 3372 2308 3411 iisdem

1260 3427 1534 3468 Monumentis
1551 3427 1645 3466 anni
1667 3430 1781 3467 1754.
