2502 4192
113 266 297 318 LIBER
321 266 592 341 Secund]
649 263 1046 316 PRINCIPIA
1087 262 1702 315 MATHEMATICA.
2147 276 2249 321 209

182 411 292 461 Cas.
333 414 381 460 2.
461 407 722 462 Ponamus
762 406 903 477 quod
945 407 1213 475 particulae
1261 406 1420 457 medii
1470 407 1525 457 in
1575 406 1790 478 globum
1840 407 1919 458 vel
1959 409 2247 478 cylindrum

55 548 58 550 ,
107 500 388 552 incidentes
428 519 535 551 non
574 501 931 562 reflectantur3
974 510 1024 550 et
1061 499 1323 569 cylindrus
1350 498 1626 549 in‘cidendo
1663 500 2158 567 perpendiculariter
2195 504 2249 554 in

104 590 382 658 particulas
422 589 706 657 simplicem
748 607 893 640 suam
933 588 1254 639 velocitatem
1297 588 1420 655 ipsis
1467 589 1879 652 communicabit,
1921 589 2140 659 ideoque
2167 611 2247 661 re7

103 680 385 731 sistentiam
410 680 603 747 patitur
628 678 789 746 duplo
813 677 1065 728 minorem
1092 674 1247 746 quam
1273 677 1326 726 in
1351 677 1525 744 priore
1553 695 1691 738 casu,
1721 688 1773 728 et
1798 678 2088 730 resiste-ntia
2102 680 2247 750 globi

101 771 196 822 erit
221 771 375 822 etiam
401 771 561 839 duplo
585 770 754 821 minor
779 766 935 838 quam
960 768 1119 836 prius,

177 861 288 911 Cas.
319 867 366 911 3.
446 860 706 930 Ponamus
745 857 886 926 quod
923 855 1192 924 particulae
1217 855 1377 907 medii
1402 857 1453 906 vi
1478 857 1774 908 reflexionis
1813 877 1980 928 neque
2018 860 2245 912 maxima

103 965 273 1015 neque
301 946 459 1009 nulla,
489 946 580 997 sed
606 945 854 997 mediocri
880 944 1049 1014 aliqua
1075 944 1306 996 resiliant
1329 935 1533 1015 aglobo
1548 966 1562 1007 3
1591 956 1641 997 et
1667 948 1956 1000 resistentia
1978 950 2122 1020 globi
2148 952 2245 1004 erit

98 1035 153 1085 in
180 1034 359 1086 eadem
385 1035 584 1086 ratione
608 1033 859 1086 mediocri
883 1034 1017 1084 inter
1037 1016 1383 1085 'resistentiam
1407 1034 1462 1084 in
1488 1034 1661 1102 primo
1686 1052 1806 1086 casu
1824 1047 1876 1088 et
1902 1038 2243 1091 resistentiam

498 1125 566 1187 Q.
595 1144 640 1177 e.
669 1126 704 1176 i.

489 1215 634 1267 Hinc
678 1215 721 1268 si
761 1215 948 1286 globus
986 1224 1038 1267 et
1073 1214 1340 1284 particulae
1379 1216 1481 1266 sint
1518 1215 1719 1267 infinite
1754 1217 1900 1280 dura,
1945 1229 1997 1270 et
2023 1221 2073 1270 vi
2100 1223 2243 1272 omni

96 1125 151 1176 in
178 1126 420 1177 secundo·

172 1217 333 1268 Corol.
365 1223 409 1267 1.

97 1305 318 1368 elastica,
349 1317 398 1358 et
423 1316 699 1375 propterea
724 1306 876 1358 etiam
901 1308 952 1358 vi
977 1308 1118 1358 omni
1144 1308 1438 1359 reflexionis
1464 1308 1738 1360 destituta:
1781 1311 2071 1363 resistentia
2094 1312 2241 1383 globi

95 1395 194 1447 erit
217 1396 284 1447 ad
309 1396 413 1446 vim
439 1395 538 1465 qua
565 1405 702 1447 totus
729 1397 836 1465 ejus
862 1407 1032 1448 motus
1058 1397 1139 1448 vel
1165 1396 1354 1448 auferri
1379 1397 1542 1464 possit
1566 1398 1647 1449 vel
1672 1401 1926 1468 generari,
1967 1421 2070 1471 quo
2109 1412 2240 1454 tem—

92 1501 221 1551 pore
246 1484 432 1554 globus
459 1494 679 1554 quatuor
703 1485 878 1535 tertias
903 1495 1076 1552 partes
1103 1485 1340 1536 diametri
1366 1503 1472 1535 suae
1499 1485 1760 1549 describit,
1789 1498 1847 1538 ut
1867 1489 2092 1541 densitas
2130 1509 2240 1542 me·-

94 1573 166 1624 dii
191 1573 258 1635 ad
283 1573 590 1624 densitatem
615 1572 775 1642 globi.

168 1663 330 1713 Corol.
359 1668 408 1713 2.
486 1661 550 1731 (¹³)
593 1661 906 1713 Resistentia
942 1661 1100 1732 globi,
1148 1662 1346 1713 caeteris
1383 1663 1613 1734 paribus,
1654 1675 1729 1716 est
1765 1666 1820 1716 in
1855 1665 2116 1734 duplicata
2154 1687 2238 1721 ra-

91 1749 229 1802 tione
255 1749 551 1801 velocitatis.
1629 1735 1647 1758 ⁴

167 1840 329 1891 Corol.
358 1846 406 1891 3.
462 1839 534 1906 (†)
566 1838 877 1889 Resistentia
901 1838 1060 1909 globi,
1091 1839 1288 1890 caeteris
1313 1839 1542 1907 paribuS‚
1571 1850 1648 1892 est
1673 1841 1727 1891 in
1754 1841 2014 1909 duplicata
2036 1844 2237 1897 ratione

91 1927 346 1980 diametri.

163 2020 326 2070 Corol.
355 2024 404 2068 4.
482 2016 794 2068 Resistentia
818 2017 975 2087 globi,
1004 2017 1202 2069 caeteris
1228 2018 1456 2086 paribuS,
1487 2029 1564 2070 est
1588 2030 1646 2071 ut
1671 2020 1896 2072 densitas
1922 2022 2095 2074 medii.

164 2110 325 2161 Corol.
356 2115 403 2161 5.
483 2108 793 2160 Resistentia
828 2108 969 2180 globi
1007 2118 1084 2160 est
1120 2109 1173 2159 in
1210 2108 1408 2159 ratione
1451 2127 1567 2177 quae
1606 2111 1934 2178 componitur
1960 2130 2026 2163 ex
2060 2111 2233 2181 dupli-

87 2195 200 2249 cata
236 2198 434 2249 ratione
471 2196 752 2249 velocitatis
778 2206 830 2249 et
855 2196 1114 2265 duplicata
1154 2198 1352 2248 ratione
1387 2197 1624 2248 diametri
1651 2209 1702 2249 et
1727 2200 1925 2251 ratione
1964 2201 2230 2255 densitatis

86 2286 258 2338 medii.

166 2374 327 2427 Corol.
356 2382 404 2427 6.
481 2374 552 2427 Et
574 2384 745 2426 motus
769 2374 912 2446 globi
937 2393 1056 2427 cum
1083 2376 1190 2445 ejus
1216 2375 1506 2427 resistentia
1542 2376 1615 2427 sic
1650 2377 1843 2445 exponi
1884 2388 2069 2445 potest.
2150 2381 2228 2433 Sit

87 2465 138 2516 A
166 2465 213 2517 B
237 2475 439 2534 tempus
467 2484 570 2536 quo
594 2465 780 2537 globus
817 2485 913 2535 per
949 2466 1288 2517 resistentiam
1326 2485 1471 2517 suam
1509 2467 1831 2519 uniformiter
1875 2470 2225 2522 continuatam

84 2562 249 2605 totum
289 2571 439 2605 suum
477 2563 675 2606 motum
718 2555 950 2607 amittere
988 2564 1173 2623 potest.
1251 2555 1337 2606 Ad
1379 2555 1428 2606 A
1459 2555 1504 2606 B
1547 2556 1811 2627 erigantur
1855 2559 2225 2625 perpendicula

85 2642 137 2693 A
161 2642 234 2705 D,
284 2641 330 2693 Β
359 2641 420 2693 C.
499 2642 677 2712 Sitque
719 2642 765 2694 B
794 2643 839 2694 C
877 2654 1043 2695 motus
1069 2643 1154 2694 ille
1181 2653 1332 2705 totUS,
1374 2654 1424 2694 et
1448 2661 1543 2711 per
1566 2655 1816 2711 punctum
1846 2645 1890 2696 C
1917 2647 2221 2715 asymptotis

138 2834 193 2887 (ὓ)
216 2838 236 2858 ”
259 2838 486 2876 Resistentia
513 2838 622 2887 globi,
657 2838 797 2875 caeteris
811 2838 981 2886 paribus,
1011 2845 1064 2875 esc
1082 2838 1124 2875 in
1177 2835 1345 2873 motibus
1371 2835 1437 2884 qui
1465 2833 1690 2879 uniformes,
1721 2835 1855 2873 saltem
1884 2848 2002 2886 quam
2029 2837 2217 2886 proxime,

83 2887 277 2938 duplicat&
294 2891 440 2927 ratione
453 2891 663 2928 velocitatis.
724 2892 745 2914 ³*
769 2890 855 2927 Sint
871 2889 978 2939 globi
997 2902 1124 2938 aequa-
1178 2896 1394 2933 censentur,
1434 2900 1525 2938 ergo
1561 2888 1783 2925 resistentiae
1819 2897 2099 2928 momentaneae
2126 2900 2218 2929 sunt

83 2954 139 2982 ⁴es
156 2941 196 2978 in
216 2941 350 2978 eodem
369 2941 497 2979 medio
514 2942 610 2980 moti
629 2941 774 2980 diversa
788 2954 877 2979 cum
895 2942 1117 2988 velocitate3
1173 2941 1230 2978 bis
1260 2948 1302 2978 ut
1328 2941 1554 2986 velocitates,
1589 2941 1662 2978 hoc
1691 2948 1747 2979 est
1779 2941 1820 2978 in
1849 2942 1995 2980 ratione
2022 2942 2217 2992 duplicata
2255 2994 2259 3001 ³

83 3002 212 3032 motus
229 3001 334 3032 totus
352 2995 657 3046 uniuscujusque
670 3003 727 3033 est
739 2995 788 3033 ad
807 3003 955 3032 motum
975 2997 1023 3032 ab
1037 2996 1120 3043 ipso

83 3047 411 3085 communicatum
447 3055 618 3097 tempore
644 3061 722 3099 quo
757 3047 855 3086 duas
884 3049 1012 3085 tertias
1038 3060 1119 3085 suae

83 3099 256 3140 diametri
292 3101 490 3150 percurrit,
529 3108 573 3139 ut
601 3100 803 3139 densitates
833 3101 1037 3152 globorum
1070 3101 1119 3138 ad

83 3152 287 3199 densitates
317 3153 548 3200 mediorum,
581 3153 744 3204 ideoque
772 3167 818 3191 ex
848 3154 1049 3204 hypothesi
1076 3154 1116 3190 in

84 3204 219 3244 eadem
237 3204 396 3259 ratione,
417 3219 510 3258 ergo
527 3207 643 3245 etiam
662 3207 840 3245 velocitas
859 3207 975 3245 unius
994 3215 1051 3244 est
1069 3205 1118 3244 ad

82 3258 323 3297 velocitatem
349 3259 506 3298 alterius
524 3267 568 3298 ut
585 3267 714 3298 motus
731 3262 779 3298 ab
797 3260 874 3298 illis
900 3261 1118 3298 communi-

83 3311 158 3350 cati
175 3311 410 3360 temporibus
435 3313 575 3363 quibus
600 3313 697 3352 duas
714 3314 841 3352 tertias
859 3326 1016 3351 suarum
1035 3313 1117 3351 dia-

82 3372 293 3403 metrorum
327 3364 511 3416 (aequales
542 3367 684 3416 quippe
715 3366 995 3417 longitudines)
1033 3379 1117 3416 per-

83 3425 254 3455 currunt.
318 3417 551 3456 Dividuntur
569 3419 635 3457 illa
652 3426 824 3468 tempora
842 3420 883 3456 in
904 3428 1027 3468 partes
1044 3419 1117 3457 mi-

82 3469 207 3511 nimas
233 3469 413 3520 utrinque
439 3471 615 3521 aequales,
644 3480 684 3510 et
700 3473 790 3522 quia
807 3473 1018 3512 resistentia
1035 3473 1113 3510 sin-

58 3567 60 3569 ,
81 3522 186 3573 gulis
203 3524 418 3570 momentis,
439 3523 611 3574 ejusdem
628 3525 733 3576 globi
751 3533 935 3574 respectu,
964 3525 1115 3563 unifor-

1173 2993 1392 3032 velocitatis.

1227 3047 1289 3099 (†)
1314 3051 1335 3071 ¹*
1358 3048 1585 3086 Resistentia
1608 3048 1716 3096 globi,
1738 3050 1880 3086 caeteris
1890 3050 2062 3098 paribus,
2091 3057 2144 3088 est
2170 3052 2213 3090 in

1172 3099 1366 3150 duplicat&
1385 3102 1531 3139 ratione
1548 3102 1736 3138 diametri.
1797 3104 1816 3125 ³*
1852 3101 1937 3138 Sint
1963 3102 2068 3152 globi
2094 3104 2213 3154 aequi-

1172 3154 1330 3199 veloces‚
1362 3151 1472 3204 aeque
1498 3153 1617 3198 densi,
1646 3153 1685 3189 in
1705 3152 1840 3191 eodem
1862 3154 1990 3192 medio
2008 3156 2116 3202 moti,
2146 3157 2213 3195 sed

1171 3207 1329 3244 diversae
1356 3208 1431 3244 sint
1457 3218 1589 3244 earum
1609 3206 1798 3253 diametri,
1829 3206 2027 3259 fingantur
2045 3212 2124 3247 duo
2143 3222 2210 3259 cy-

1170 3259 1287 3297 lindri
1305 3259 1479 3310 ejusdem
1500 3272 1589 3296 cum
1609 3259 1654 3296 iis
1674 3259 1863 3307 diametri,
1892 3270 1931 3299 et
1948 3262 2063 3300 etiam
2091 3264 2211 3313 aequi-

1170 3312 1319 3351 veloces
1336 3321 1374 3350 et
1392 3325 1501 3363 aeque
1518 3312 1638 3358 densi,
1668 3314 1888 3352 resistentiae
1906 3326 2001 3365 quas
2018 3315 2212 3364 patientur

1171 3365 1334 3415 cylindri
1371 3365 1535 3417 singulis
1565 3366 1771 3404 momentis
1800 3375 1914 3405 erunt
1945 3375 1990 3406 ut
2024 3381 2211 3408 numerus

1171 3420 1337 3467 partium
1357 3420 1398 3456 in
1412 3432 1508 3469 quas
1525 3418 1739 3466 incurrunt,
1769 3419 1826 3457 illi
1845 3419 1934 3459 vero
1952 3423 2103 3460 numeri
2122 3435 2209 3471 par-

1169 3471 1270 3509 tium
1297 3480 1387 3509 sunt
1406 3480 1450 3509 ut
1477 3471 1661 3521 quadrata
1680 3471 1977 3513 diametrorum:
2009 3475 2077 3513 sed
2095 3476 2210 3514 facile

1166 3524 1288 3575 liquet
1305 3524 1534 3562 resistentias
1545 3524 1806 3574 cylindrorum
1822 3535 1860 3564 et
1871 3527 2074 3577 globorum
2088 3529 2209 3578 aequi-

82 3575 158 3615 mis
175 3585 362 3623 censetur,
387 3577 907 3618 resistentiaemomentaueae
924 3586 1038 3616 erunt
1055 3577 1114 3615 di·
1168 3577 1368 3624 velocium,
1389 3577 1560 3628 ejusdem
1575 3577 1762 3626 diametri,
1782 3580 1823 3617 in
1837 3580 1974 3618 eodem
1987 3581 2116 3619 medio
2127 3594 2209 3619 esse

83 3626 185 3666 recte
201 3636 246 3666 ut
263 3638 392 3667 motus
409 3629 536 3667 amissi
556 3638 593 3667 et
612 3630 757 3669 inverse
775 3638 819 3669 ut
837 3639 1009 3679 tempora
1034 3630 1118 3681 qui·
1171 3630 1213 3668 in
1232 3629 1323 3668 data
1334 3631 1493 3676 ratione,
1513 3643 1607 3681 ergo
1625 3640 1670 3669 ut
1687 3632 1899 3671 resistentia
1909 3634 2026 3671 unius
2045 3633 2208 3682 cylindri

81 3679 156 3718 bus
173 3681 413 3729 amittuntur,
446 3682 513 3720 sed
540 3692 670 3722 motus
690 3677 818 3721 amissi
845 3692 936 3722 sunt
955 3691 1000 3720 ut
1017 3683 1119 3721 velo·
1172 3683 1221 3722 ad
1241 3683 1493 3721 resistentiam
1504 3684 1670 3728 alterius.
1685 3684 1736 3723 ita
1747 3686 1959 3724 resistentia
1972 3686 2089 3724 unius
2101 3678 2208 3737 globi

83 3733 215 3775 citates
240 3733 381 3774 directe
400 3744 439 3774 et
456 3743 628 3785 tempora
645 3744 737 3774 sunt
753 3735 899 3774 inverse
918 3743 963 3774 ut
980 3736 1119 3774 veloci-
1171 3736 1222 3774 ad
1240 3736 1491 3774 resistentiam
1508 3737 1677 3782 alterius,
1706 3747 1798 3778 sunt
1815 3751 1907 3790 ergo
1925 3739 2130 3791 globorum
2147 3752 2207 3779 re-

82 3793 191 3832 tates,
218 3787 312 3837 quia
346 3789 511 3840 aequales
546 3789 810 3840 longitudines
844 3796 1121 3840 percurruntur
1173 3790 1354 3828 sistentiae
1370 3797 1416 3827 ut
1433 3789 1619 3840 quadrata
1635 3791 1922 3832 diaenetmrum.

136 3855 236 3905 Vct.
261 3856 323 3896 11.
1128 3857 1166 3896 O
