<?xml version="1.0" encoding="UTF-8"?>
<!DOCTYPE html PUBLIC "-//W3C//DTD XHTML 1.0 Transitional//EN"
    "http://www.w3.org/TR/xhtml1/DTD/xhtml1-transitional.dtd">
<html xmlns="http://www.w3.org/1999/xhtml" xml:lang="en" lang="en">
 <head>
  <title>
</title>
<meta http-equiv="Content-Type" content="text/html;charset=utf-8" />
  <meta name='ocr-system' content='tesseract 3.04.00' />
  <meta name='ocr-capabilities' content='ocr_page ocr_carea ocr_par ocr_line ocrx_word'/>
</head>
<body>
  <div class='ocr_page' id='page_1' title='image "./philonatrualprin02newtrich_0326.png"; bbox 0 0 2502 4192; ppageno 0'>
   <div class='ocr_carea' id='block_1_1' title="bbox 251 249 2375 329">
    <p class='ocr_par' dir='ltr' id='par_1_1' title="bbox 251 249 2375 329">
     <span class='ocr_line' id='line_1_1' title="bbox 251 249 2375 329; baseline -0.003 -11"><span class='ocrx_word' id='word_1_1' title='bbox 251 273 351 319; x_wconf 76' lang='lat'>314</span> <span class='ocrx_word' id='word_1_2' title='bbox 782 263 1350 318; x_wconf 80' lang='lat' dir='ltr'>PHILOSOPHIAE</span> <span class='ocrx_word' id='word_1_3' title='bbox 1389 262 1840 317; x_wconf 82' lang='lat' dir='ltr'><strong>NATURALIS</strong></span> <span class='ocrx_word' id='word_1_4' title='bbox 1901 249 1903 251; x_wconf 77' lang='grc'><strong>’</strong></span> <span class='ocrx_word' id='word_1_5' title='bbox 1939 262 2117 329; x_wconf 63' lang='lat' dir='ltr'>[Mor.</span> <span class='ocrx_word' id='word_1_6' title='bbox 2149 263 2375 315; x_wconf 64' lang='lat' dir='ltr'>comm</span> 
     </span>
    </p>
   </div>
   <div class='ocr_carea' id='block_1_2' title="bbox 244 405 2391 1727">
    <p class='ocr_par' dir='ltr' id='par_1_2' title="bbox 244 405 2391 1727">
     <span class='ocr_line' id='line_1_2' title="bbox 251 405 2391 480; baseline -0.002 -20"><span class='ocrx_word' id='word_1_7' title='bbox 251 409 422 480; x_wconf 85' lang='lat' dir='ltr'>quoad</span> <span class='ocrx_word' id='word_1_8' title='bbox 472 409 778 462; x_wconf 77' lang='lat' dir='ltr'>densitatem</span> <span class='ocrx_word' id='word_1_9' title='bbox 816 428 978 472; x_wconf 89' lang='lat' dir='ltr'>suam,</span> <span class='ocrx_word' id='word_1_10' title='bbox 1035 426 1204 478; x_wconf 90' lang='lat' dir='ltr'>neque</span> <span class='ocrx_word' id='word_1_11' title='bbox 1241 407 1414 477; x_wconf 91' lang='lat' dir='ltr'>quoad</span> <span class='ocrx_word' id='word_1_12' title='bbox 1449 407 1554 458; x_wconf 89' lang='lat' dir='ltr'>vim</span> <span class='ocrx_word' id='word_1_13' title='bbox 1590 405 1797 458; x_wconf 89' lang='lat' dir='ltr'>insitam</span> <span class='ocrx_word' id='word_1_14' title='bbox 1840 417 1929 458; x_wconf 90' lang='lat' dir='ltr'>aut</span> <span class='ocrx_word' id='word_1_15' title='bbox 1972 407 2201 477; x_wconf 81' lang='lat' dir='ltr'>figuram.</span> <span class='ocrx_word' id='word_1_16' title='bbox 2245 423 2391 456; x_wconf 89' lang='lat' dir='ltr'>suam</span> 
     </span>
     <span class='ocr_line' id='line_1_3' title="bbox 248 494 2388 567; baseline -0.003 -18"><span class='ocrx_word' id='word_1_17' title='bbox 248 507 492 561; x_wconf 89' lang='lat' dir='ltr'>mutatur,</span> <span class='ocrx_word' id='word_1_18' title='bbox 522 498 809 549; x_wconf 84' lang='lat' dir='ltr'>movebitur</span> <span class='ocrx_word' id='word_1_19' title='bbox 842 496 1025 549; x_wconf 65' lang='lat' dir='ltr'>eadem</span> <span class='ocrx_word' id='word_1_20' title='bbox 1049 497 1163 567; x_wconf 85' lang='lat' dir='ltr'>lege</span> <span class='ocrx_word' id='word_1_21' title='bbox 1189 514 1249 546; x_wconf 89' lang='lat' dir='ltr'>ac</span> <span class='ocrx_word' id='word_1_22' title='bbox 1273 496 1446 564; x_wconf 89' lang='lat' dir='ltr'>prius:</span> <span class='ocrx_word' id='word_1_23' title='bbox 1488 505 1540 547; x_wconf 90' lang='lat' dir='ltr'>et</span> <span class='ocrx_word' id='word_1_24' title='bbox 1564 503 1760 557; x_wconf 86' lang='lat' dir='ltr'>contra,</span> <span class='ocrx_word' id='word_1_25' title='bbox 1802 494 1843 545; x_wconf 89' lang='lat' dir='ltr'>si</span> <span class='ocrx_word' id='word_1_26' title='bbox 1869 495 2075 546; x_wconf 82' lang='lat' dir='ltr'>vorticis</span> <span class='ocrx_word' id='word_1_27' title='bbox 2107 512 2227 562; x_wconf 88' lang='lat' dir='ltr'>pars</span> <span class='ocrx_word' id='word_1_28' title='bbox 2266 511 2388 544; x_wconf 90' lang='lat' dir='ltr'>con-</span> 
     </span>
     <span class='ocr_line' id='line_1_4' title="bbox 248 582 2387 659; baseline -0.004 -19"><span class='ocrx_word' id='word_1_29' title='bbox 248 589 418 659; x_wconf 87' lang='lat' dir='ltr'>gelata</span> <span class='ocrx_word' id='word_1_30' title='bbox 442 598 493 640; x_wconf 89' lang='lat' dir='ltr'>et</span> <span class='ocrx_word' id='word_1_31' title='bbox 517 588 682 639; x_wconf 88' lang='lat' dir='ltr'>solida</span> <span class='ocrx_word' id='word_1_32' title='bbox 707 587 939 656; x_wconf 85' lang='lat' dir='ltr'>ejusdem</span> <span class='ocrx_word' id='word_1_33' title='bbox 966 587 1031 638; x_wconf 92' lang='lat' dir='ltr'>sit</span> <span class='ocrx_word' id='word_1_34' title='bbox 1055 585 1321 637; x_wconf 82' lang='lat' dir='ltr'>densitatis</span> <span class='ocrx_word' id='word_1_35' title='bbox 1359 602 1478 636; x_wconf 88' lang='lat' dir='ltr'>cum</span> <span class='ocrx_word' id='word_1_36' title='bbox 1517 584 1717 654; x_wconf 90' lang='lat' dir='ltr'>reliquo</span> <span class='ocrx_word' id='word_1_37' title='bbox 1753 583 1964 645; x_wconf 81' lang='lat' dir='ltr'>vortice,</span> <span class='ocrx_word' id='word_1_38' title='bbox 2012 593 2063 634; x_wconf 90' lang='lat' dir='ltr'>et</span> <span class='ocrx_word' id='word_1_39' title='bbox 2099 582 2387 633; x_wconf 87' lang='lat' dir='ltr'>resolvatur</span> 
     </span>
     <span class='ocr_line' id='line_1_5' title="bbox 247 673 2388 746; baseline -0.002 -17"><span class='ocrx_word' id='word_1_40' title='bbox 247 679 302 729; x_wconf 92' lang='lat' dir='ltr'>in</span> <span class='ocrx_word' id='word_1_41' title='bbox 328 679 560 741; x_wconf 89' lang='lat' dir='ltr'>fluidum,</span> <span class='ocrx_word' id='word_1_42' title='bbox 600 677 891 729; x_wconf 87' lang='lat' dir='ltr'>movebitur</span> <span class='ocrx_word' id='word_1_43' title='bbox 914 677 1029 728; x_wconf 82' lang='lat' dir='ltr'>haec</span> <span class='ocrx_word' id='word_1_44' title='bbox 1053 674 1234 728; x_wconf 68' lang='lat' dir='ltr'>eadem</span> <span class='ocrx_word' id='word_1_45' title='bbox 1259 675 1373 746; x_wconf 86' lang='lat' dir='ltr'>lege</span> <span class='ocrx_word' id='word_1_46' title='bbox 1399 693 1459 727; x_wconf 88' lang='lat' dir='ltr'>ac</span> <span class='ocrx_word' id='word_1_47' title='bbox 1481 676 1643 744; x_wconf 81' lang='lat' dir='ltr'>priuS,</span> <span class='ocrx_word' id='word_1_48' title='bbox 1683 673 1782 725; x_wconf 89' lang='lat' dir='ltr'>nisi</span> <span class='ocrx_word' id='word_1_49' title='bbox 1808 673 2057 744; x_wconf 67' lang='lat' dir='ltr'>quatenus</span> <span class='ocrx_word' id='word_1_50' title='bbox 2083 674 2243 742; x_wconf 88' lang='lat' dir='ltr'>ipsius</span> <span class='ocrx_word' id='word_1_51' title='bbox 2268 692 2388 742; x_wconf 86' lang='lat' dir='ltr'>par-</span> 
     </span>
     <span class='ocr_line' id='line_1_6' title="bbox 247 761 2386 835; baseline -0.002 -18"><span class='ocrx_word' id='word_1_52' title='bbox 247 767 422 818; x_wconf 87' lang='lat' dir='ltr'>ticulae</span> <span class='ocrx_word' id='word_1_53' title='bbox 456 767 566 835; x_wconf 86' lang='lat' dir='ltr'>jam</span> <span class='ocrx_word' id='word_1_54' title='bbox 608 765 783 816; x_wconf 84' lang='lat' dir='ltr'>fluidae</span> <span class='ocrx_word' id='word_1_55' title='bbox 824 764 975 816; x_wconf 82' lang='lat' dir='ltr'>factae</span> <span class='ocrx_word' id='word_1_56' title='bbox 1016 774 1322 815; x_wconf 88' lang='lat' dir='ltr'>moveantur</span> <span class='ocrx_word' id='word_1_57' title='bbox 1364 764 1500 814; x_wconf 91' lang='lat' dir='ltr'>inter</span> <span class='ocrx_word' id='word_1_58' title='bbox 1544 781 1612 814; x_wconf 91' lang='lat' dir='ltr'>se.</span> <span class='ocrx_word' id='word_1_59' title='bbox 1689 761 1999 833; x_wconf 83' lang='lat' dir='ltr'>Negligatur</span> <span class='ocrx_word' id='word_1_60' title='bbox 2035 761 2193 832; x_wconf 86' lang='lat' dir='ltr'>igitur</span> <span class='ocrx_word' id='word_1_61' title='bbox 2217 771 2386 813; x_wconf 86' lang='lat' dir='ltr'>motus</span> 
     </span>
     <span class='ocr_line' id='line_1_7' title="bbox 246 851 2385 931; baseline -0.004 -22"><span class='ocrx_word' id='word_1_62' title='bbox 246 858 615 926; x_wconf 88' lang='lat' dir='ltr'>particularum</span> <span class='ocrx_word' id='word_1_63' title='bbox 640 858 773 931; x_wconf 68' lang='lat' dir='ltr'>inter</span> <span class='ocrx_word' id='word_1_64' title='bbox 799 876 869 919; x_wconf 89' lang='lat' dir='ltr'>se,</span> <span class='ocrx_word' id='word_1_65' title='bbox 915 867 1162 926; x_wconf 80' lang='lat' dir='ltr'>tanquam</span> <span class='ocrx_word' id='word_1_66' title='bbox 1189 854 1255 906; x_wconf 88' lang='lat' dir='ltr'>ad</span> <span class='ocrx_word' id='word_1_67' title='bbox 1280 855 1436 907; x_wconf 89' lang='lat' dir='ltr'>totius</span> <span class='ocrx_word' id='word_1_68' title='bbox 1461 864 1663 905; x_wconf 90' lang='lat' dir='ltr'>motum</span> <span class='ocrx_word' id='word_1_69' title='bbox 1705 852 2090 923; x_wconf 84' lang='lat' dir='ltr'>progressivum</span> <span class='ocrx_word' id='word_1_70' title='bbox 2126 851 2201 902; x_wconf 87' lang='lat' dir='ltr'>nil</span> <span class='ocrx_word' id='word_1_71' title='bbox 2239 869 2385 920; x_wconf 89' lang='lat' dir='ltr'>spec-</span> 
     </span>
     <span class='ocr_line' id='line_1_8' title="bbox 247 941 2387 1012; baseline -0.002 -16"><span class='ocrx_word' id='word_1_72' title='bbox 247 955 378 1009; x_wconf 79' lang='lat' dir='ltr'>tanS,</span> <span class='ocrx_word' id='word_1_73' title='bbox 426 956 477 998; x_wconf 90' lang='lat' dir='ltr'>et</span> <span class='ocrx_word' id='word_1_74' title='bbox 512 956 681 997; x_wconf 90' lang='lat' dir='ltr'>motus</span> <span class='ocrx_word' id='word_1_75' title='bbox 720 946 876 996; x_wconf 89' lang='lat' dir='ltr'>totius</span> <span class='ocrx_word' id='word_1_76' title='bbox 914 945 1052 996; x_wconf 88' lang='lat' dir='ltr'>idem</span> <span class='ocrx_word' id='word_1_77' title='bbox 1079 944 1175 996; x_wconf 89' lang='lat' dir='ltr'>erit</span> <span class='ocrx_word' id='word_1_78' title='bbox 1201 963 1261 996; x_wconf 87' lang='lat' dir='ltr'>ac</span> <span class='ocrx_word' id='word_1_79' title='bbox 1284 944 1446 1012; x_wconf 86' lang='lat' dir='ltr'>prius.</span> <span class='ocrx_word' id='word_1_80' title='bbox 1522 943 1706 996; x_wconf 86' lang='lat' dir='ltr'>Motus</span> <span class='ocrx_word' id='word_1_81' title='bbox 1740 951 1913 994; x_wconf 86' lang='lat' dir='ltr'>autem</span> <span class='ocrx_word' id='word_1_82' title='bbox 1952 941 2092 992; x_wconf 90' lang='lat' dir='ltr'>idem</span> <span class='ocrx_word' id='word_1_83' title='bbox 2136 941 2232 992; x_wconf 91' lang='lat' dir='ltr'>erit</span> <span class='ocrx_word' id='word_1_84' title='bbox 2268 960 2387 993; x_wconf 91' lang='lat' dir='ltr'>cum</span> 
     </span>
     <span class='ocr_line' id='line_1_9' title="bbox 246 1024 2387 1102; baseline -0.001 -17"><span class='ocrx_word' id='word_1_85' title='bbox 246 1044 392 1085; x_wconf 91' lang='lat' dir='ltr'>motu</span> <span class='ocrx_word' id='word_1_86' title='bbox 429 1024 645 1086; x_wconf 83' lang='lat' dir='ltr'>aliarum</span> <span class='ocrx_word' id='word_1_87' title='bbox 682 1034 889 1085; x_wconf 86' lang='lat' dir='ltr'>vorticis</span> <span class='ocrx_word' id='word_1_88' title='bbox 932 1033 1158 1102; x_wconf 86' lang='lat' dir='ltr'>partium</span> <span class='ocrx_word' id='word_1_89' title='bbox 1182 1052 1212 1083; x_wconf 92' lang='lat' dir='ltr'>a</span> <span class='ocrx_word' id='word_1_90' title='bbox 1238 1042 1416 1085; x_wconf 89' lang='lat' dir='ltr'>centro</span> <span class='ocrx_word' id='word_1_91' title='bbox 1453 1031 1719 1102; x_wconf 81' lang='lat' dir='ltr'>aequaliter</span> <span class='ocrx_word' id='word_1_92' title='bbox 1755 1030 2071 1093; x_wconf 87' lang='lat' dir='ltr'>distantium,</span> <span class='ocrx_word' id='word_1_93' title='bbox 2112 1039 2387 1099; x_wconf 87' lang='lat' dir='ltr'>propterea</span> 
     </span>
     <span class='ocr_line' id='line_1_10' title="bbox 247 1119 2386 1192; baseline -0.001 -19"><span class='ocrx_word' id='word_1_94' title='bbox 247 1123 388 1192; x_wconf 90' lang='lat' dir='ltr'>quod</span> <span class='ocrx_word' id='word_1_95' title='bbox 414 1123 634 1174; x_wconf 91' lang='lat' dir='ltr'>solidum</span> <span class='ocrx_word' id='word_1_96' title='bbox 660 1123 713 1173; x_wconf 92' lang='lat' dir='ltr'>in</span> <span class='ocrx_word' id='word_1_97' title='bbox 738 1122 955 1180; x_wconf 81' lang='lat' dir='ltr'>fluidum</span> <span class='ocrx_word' id='word_1_98' title='bbox 980 1122 1263 1173; x_wconf 90' lang='lat' dir='ltr'>resolutum</span> <span class='ocrx_word' id='word_1_99' title='bbox 1289 1121 1348 1172; x_wconf 93' lang='lat' dir='ltr'>fit</span> <span class='ocrx_word' id='word_1_100' title='bbox 1372 1139 1493 1190; x_wconf 90' lang='lat' dir='ltr'>pars</span> <span class='ocrx_word' id='word_1_101' title='bbox 1517 1120 1725 1172; x_wconf 88' lang='lat' dir='ltr'>vorticis</span> <span class='ocrx_word' id='word_1_102' title='bbox 1764 1119 1963 1171; x_wconf 77' lang='lat' dir='ltr'>caeteris</span> <span class='ocrx_word' id='word_1_103' title='bbox 2001 1119 2235 1187; x_wconf 88' lang='lat' dir='ltr'>partibus</span> <span class='ocrx_word' id='word_1_104' title='bbox 2263 1138 2386 1171; x_wconf 89' lang='lat' dir='ltr'>con-</span> 
     </span>
     <span class='ocr_line' id='line_1_11' title="bbox 246 1207 2383 1282; baseline -0.002 -19"><span class='ocrx_word' id='word_1_105' title='bbox 246 1211 442 1264; x_wconf 89' lang='lat' dir='ltr'>similis.</span> <span class='ocrx_word' id='word_1_106' title='bbox 520 1211 663 1282; x_wconf 84' lang='lat' dir='ltr'>Ergo</span> <span class='ocrx_word' id='word_1_107' title='bbox 708 1210 946 1274; x_wconf 89' lang='lat' dir='ltr'>solidum,</span> <span class='ocrx_word' id='word_1_108' title='bbox 994 1210 1035 1261; x_wconf 84' lang='lat' dir='ltr'>si</span> <span class='ocrx_word' id='word_1_109' title='bbox 1076 1211 1140 1262; x_wconf 89' lang='lat' dir='ltr'>sit</span> <span class='ocrx_word' id='word_1_110' title='bbox 1184 1209 1413 1279; x_wconf 89' lang='lat' dir='ltr'>ejusdem</span> <span class='ocrx_word' id='word_1_111' title='bbox 1451 1209 1715 1261; x_wconf 82' lang='lat' dir='ltr'>densitatis</span> <span class='ocrx_word' id='word_1_112' title='bbox 1753 1226 1871 1260; x_wconf 88' lang='lat' dir='ltr'>cum</span> <span class='ocrx_word' id='word_1_113' title='bbox 1907 1207 2121 1259; x_wconf 70' lang='lat' dir='ltr'>materia</span> <span class='ocrx_word' id='word_1_114' title='bbox 2158 1208 2383 1271; x_wconf 84' lang='lat' dir='ltr'>vorticis,</span> 
     </span>
     <span class='ocr_line' id='line_1_12' title="bbox 246 1294 2387 1368; baseline -0.001 -17"><span class='ocrx_word' id='word_1_115' title='bbox 246 1300 429 1352; x_wconf 92' lang='lat' dir='ltr'>eodem</span> <span class='ocrx_word' id='word_1_116' title='bbox 454 1309 598 1351; x_wconf 89' lang='lat' dir='ltr'>motu</span> <span class='ocrx_word' id='word_1_117' title='bbox 624 1317 742 1350; x_wconf 89' lang='lat' dir='ltr'>cum</span> <span class='ocrx_word' id='word_1_118' title='bbox 767 1299 925 1368; x_wconf 87' lang='lat' dir='ltr'>ipsius</span> <span class='ocrx_word' id='word_1_119' title='bbox 951 1299 1184 1368; x_wconf 87' lang='lat' dir='ltr'>partibus</span> <span class='ocrx_word' id='word_1_120' title='bbox 1209 1298 1517 1360; x_wconf 86' lang='lat' dir='ltr'>movebitur,</span> <span class='ocrx_word' id='word_1_121' title='bbox 1545 1297 1600 1348; x_wconf 89' lang='lat' dir='ltr'>in</span> <span class='ocrx_word' id='word_1_122' title='bbox 1626 1295 1839 1348; x_wconf 66' lang='lat' dir='ltr'>materia</span> <span class='ocrx_word' id='word_1_123' title='bbox 1864 1294 2103 1364; x_wconf 75' lang='lat' dir='ltr'>proxime</span> <span class='ocrx_word' id='word_1_124' title='bbox 2129 1296 2387 1349; x_wconf 87' lang='lat' dir='ltr'>ambiente</span> 
     </span>
     <span class='ocr_line' id='line_1_13' title="bbox 244 1386 2388 1459; baseline -0 -20"><span class='ocrx_word' id='word_1_125' title='bbox 244 1387 456 1440; x_wconf 76' lang='lat' dir='ltr'>relative</span> <span class='ocrx_word' id='word_1_126' title='bbox 498 1389 782 1459; x_wconf 78' lang='lat' dir='ltr'>quiescens,</span> <span class='ocrx_word' id='word_1_127' title='bbox 861 1388 954 1441; x_wconf 86' lang='lat' dir='ltr'>Sin</span> <span class='ocrx_word' id='word_1_128' title='bbox 997 1388 1204 1440; x_wconf 86' lang='lat' dir='ltr'>densius</span> <span class='ocrx_word' id='word_1_129' title='bbox 1231 1389 1309 1451; x_wconf 90' lang='lat' dir='ltr'>sit,</span> <span class='ocrx_word' id='word_1_130' title='bbox 1354 1387 1417 1457; x_wconf 84' lang='lat'><em>(¹²)</em></span> <span class='ocrx_word' id='word_1_131' title='bbox 1439 1389 1549 1457; x_wconf 86' lang='lat' dir='ltr'>jam</span> <span class='ocrx_word' id='word_1_132' title='bbox 1585 1387 1750 1457; x_wconf 84' lang='lat' dir='ltr'>magis</span> <span class='ocrx_word' id='word_1_133' title='bbox 1783 1386 2054 1437; x_wconf 84' lang='lat' dir='ltr'>conabitur</span> <span class='ocrx_word' id='word_1_134' title='bbox 2080 1386 2321 1438; x_wconf 88' lang='lat' dir='ltr'>recedere</span> <span class='ocrx_word' id='word_1_135' title='bbox 2358 1407 2388 1438; x_wconf 88' lang='lat' dir='ltr'>a</span> 
     </span>
     <span class='ocr_line' id='line_1_14' title="bbox 245 1474 2385 1549; baseline -0.001 -19"><span class='ocrx_word' id='word_1_136' title='bbox 245 1489 423 1530; x_wconf 90' lang='lat' dir='ltr'>centro</span> <span class='ocrx_word' id='word_1_137' title='bbox 448 1479 655 1530; x_wconf 89' lang='lat' dir='ltr'>vorticis</span> <span class='ocrx_word' id='word_1_138' title='bbox 681 1476 835 1549; x_wconf 75' lang='lat' dir='ltr'>quam</span> <span class='ocrx_word' id='word_1_139' title='bbox 859 1478 1033 1546; x_wconf 83' lang='lat' dir='ltr'>prius3</span> <span class='ocrx_word' id='word_1_140' title='bbox 1060 1477 1282 1547; x_wconf 74' lang='lat' dir='ltr'>ideoque</span> <span class='ocrx_word' id='word_1_141' title='bbox 1307 1477 1514 1529; x_wconf 89' lang='lat' dir='ltr'>vorticis</span> <span class='ocrx_word' id='word_1_142' title='bbox 1541 1476 1645 1528; x_wconf 90' lang='lat' dir='ltr'>vim</span> <span class='ocrx_word' id='word_1_143' title='bbox 1669 1476 1828 1539; x_wconf 90' lang='lat' dir='ltr'>illam,</span> <span class='ocrx_word' id='word_1_144' title='bbox 1852 1474 1951 1545; x_wconf 69' lang='lat' dir='ltr'>qua</span> <span class='ocrx_word' id='word_1_145' title='bbox 1971 1475 2116 1543; x_wconf 88' lang='lat' dir='ltr'>prius</span> <span class='ocrx_word' id='word_1_146' title='bbox 2136 1475 2191 1525; x_wconf 90' lang='lat' dir='ltr'>in</span> <span class='ocrx_word' id='word_1_147' title='bbox 2217 1475 2385 1528; x_wconf 69' lang='lat' dir='ltr'>orbita</span> 
     </span>
     <span class='ocr_line' id='line_1_15' title="bbox 246 1565 2389 1637; baseline 0 -19"><span class='ocrx_word' id='word_1_148' title='bbox 246 1566 337 1618; x_wconf 69' lang='lat' dir='ltr'>sua</span> <span class='ocrx_word' id='word_1_149' title='bbox 363 1578 608 1637; x_wconf 86' lang='lat' dir='ltr'>tanquam</span> <span class='ocrx_word' id='word_1_150' title='bbox 635 1568 687 1618; x_wconf 91' lang='lat' dir='ltr'>in</span> <span class='ocrx_word' id='word_1_151' title='bbox 714 1567 1002 1637; x_wconf 80' lang='lat' dir='ltr'>aequilibrio</span> <span class='ocrx_word' id='word_1_152' title='bbox 1029 1567 1364 1618; x_wconf 87' lang='lat' dir='ltr'>constitutum</span> <span class='ocrx_word' id='word_1_153' title='bbox 1390 1566 1721 1628; x_wconf 84' lang='lat' dir='ltr'>retinebatur,</span> <span class='ocrx_word' id='word_1_154' title='bbox 1742 1566 1852 1634; x_wconf 84' lang='lat' dir='ltr'>jam</span> <span class='ocrx_word' id='word_1_155' title='bbox 1878 1582 2142 1633; x_wconf 84' lang='lat' dir='ltr'>superanS,</span> <span class='ocrx_word' id='word_1_156' title='bbox 2183 1565 2389 1618; x_wconf 89' lang='lat' dir='ltr'>recedet</span> 
     </span>
     <span class='ocr_line' id='line_1_16' title="bbox 245 1657 2385 1727; baseline -0.001 -17"><span class='ocrx_word' id='word_1_157' title='bbox 245 1678 275 1710; x_wconf 83' lang='lat' dir='ltr'>a</span> <span class='ocrx_word' id='word_1_158' title='bbox 301 1670 478 1710; x_wconf 92' lang='lat' dir='ltr'>centro</span> <span class='ocrx_word' id='word_1_159' title='bbox 504 1668 554 1710; x_wconf 88' lang='lat' dir='ltr'>et</span> <span class='ocrx_word' id='word_1_160' title='bbox 579 1658 890 1710; x_wconf 91' lang='lat' dir='ltr'>revolvendo</span> <span class='ocrx_word' id='word_1_161' title='bbox 915 1658 1172 1710; x_wconf 86' lang='lat' dir='ltr'>describet</span> <span class='ocrx_word' id='word_1_162' title='bbox 1197 1658 1454 1727; x_wconf 89' lang='lat' dir='ltr'>spiralem,</span> <span class='ocrx_word' id='word_1_163' title='bbox 1495 1676 1602 1709; x_wconf 90' lang='lat' dir='ltr'>non</span> <span class='ocrx_word' id='word_1_164' title='bbox 1627 1658 1848 1726; x_wconf 89' lang='lat' dir='ltr'>amplius</span> <span class='ocrx_word' id='word_1_165' title='bbox 1874 1658 1928 1708; x_wconf 91' lang='lat' dir='ltr'>in</span> <span class='ocrx_word' id='word_1_166' title='bbox 1955 1657 2179 1708; x_wconf 91' lang='lat' dir='ltr'>eundem</span> <span class='ocrx_word' id='word_1_167' title='bbox 2204 1658 2385 1708; x_wconf 90' lang='lat' dir='ltr'>orbem</span> 
     </span>
    </p>
   </div>
   <div class='ocr_carea' id='block_1_3' title="bbox 245 1816 1298 3887">
    <p class='ocr_par' dir='ltr' id='par_1_3' title="bbox 245 1816 1298 3887">
     <span class='ocr_line' id='line_1_17' title="bbox 245 1816 1286 1870; baseline -0.003 -12"><span class='ocrx_word' id='word_1_168' title='bbox 245 1818 456 1869; x_wconf 64' lang='lat' dir='ltr'>composita</span> <span class='ocrx_word' id='word_1_169' title='bbox 477 1831 523 1857; x_wconf 83' lang='lat' dir='ltr'>ex</span> <span class='ocrx_word' id='word_1_170' title='bbox 542 1818 689 1857; x_wconf 87' lang='lat' dir='ltr'>ratione</span> <span class='ocrx_word' id='word_1_171' title='bbox 707 1830 872 1856; x_wconf 84' lang='lat' dir='ltr'>summae</span> <span class='ocrx_word' id='word_1_172' title='bbox 889 1817 1029 1856; x_wconf 88' lang='lat' dir='ltr'>virium</span> <span class='ocrx_word' id='word_1_173' title='bbox 1050 1816 1286 1870; x_wconf 81' lang='lat' dir='ltr'>centrifuga-</span> 
     </span>
     <span class='ocr_line' id='line_1_18' title="bbox 245 1872 1287 1911; baseline -0.003 -1"><span class='ocrx_word' id='word_1_174' title='bbox 245 1886 334 1911; x_wconf 88' lang='lat' dir='ltr'>rum</span> <span class='ocrx_word' id='word_1_175' title='bbox 364 1873 517 1910; x_wconf 91' lang='lat' dir='ltr'>orbium</span> <span class='ocrx_word' id='word_1_176' title='bbox 548 1872 725 1910; x_wconf 90' lang='lat' dir='ltr'>omnium</span> <span class='ocrx_word' id='word_1_177' title='bbox 762 1872 989 1909; x_wconf 88' lang='lat' dir='ltr'>inferiorum</span> <span class='ocrx_word' id='word_1_178' title='bbox 1025 1873 1074 1910; x_wconf 88' lang='lat' dir='ltr'>ad</span> <span class='ocrx_word' id='word_1_179' title='bbox 1111 1879 1287 1909; x_wconf 87' lang='lat' dir='ltr'>centrum</span> 
     </span>
     <span class='ocr_line' id='line_1_19' title="bbox 248 1923 1288 1976; baseline -0.003 -12"><span class='ocrx_word' id='word_1_180' title='bbox 248 1925 369 1976; x_wconf 73' lang='lat' dir='ltr'>usque</span> <span class='ocrx_word' id='word_1_181' title='bbox 401 1926 565 1972; x_wconf 83' lang='lat' dir='ltr'>vorticis,</span> <span class='ocrx_word' id='word_1_182' title='bbox 594 1938 640 1962; x_wconf 84' lang='lat' dir='ltr'>ex</span> <span class='ocrx_word' id='word_1_183' title='bbox 673 1925 821 1972; x_wconf 86' lang='lat' dir='ltr'>ratione</span> <span class='ocrx_word' id='word_1_184' title='bbox 846 1925 1055 1963; x_wconf 83' lang='lat' dir='ltr'>velocitatis</span> <span class='ocrx_word' id='word_1_185' title='bbox 1082 1923 1160 1975; x_wconf 66' lang='lat' dir='ltr'>qua</span> <span class='ocrx_word' id='word_1_186' title='bbox 1179 1927 1288 1962; x_wconf 89' lang='lat' dir='ltr'>orbes</span> 
     </span>
     <span class='ocr_line' id='line_1_20' title="bbox 246 1977 1289 2030; baseline -0.004 -13"><span class='ocrx_word' id='word_1_187' title='bbox 246 1980 420 2030; x_wconf 86' lang='lat' dir='ltr'>contigui</span> <span class='ocrx_word' id='word_1_188' title='bbox 449 1981 497 2017; x_wconf 89' lang='lat' dir='ltr'>ab</span> <span class='ocrx_word' id='word_1_189' title='bbox 529 1979 692 2017; x_wconf 88' lang='lat' dir='ltr'>invicem</span> <span class='ocrx_word' id='word_1_190' title='bbox 723 1986 957 2027; x_wconf 85' lang='lat' dir='ltr'>separantur,</span> <span class='ocrx_word' id='word_1_191' title='bbox 993 1986 1031 2016; x_wconf 90' lang='lat' dir='ltr'>et</span> <span class='ocrx_word' id='word_1_192' title='bbox 1063 1991 1110 2016; x_wconf 81' lang='lat' dir='ltr'>ex</span> <span class='ocrx_word' id='word_1_193' title='bbox 1142 1977 1289 2014; x_wconf 89' lang='lat' dir='ltr'>ratione</span> 
     </span>
     <span class='ocr_line' id='line_1_21' title="bbox 247 2029 1289 2078; baseline -0.003 -8"><span class='ocrx_word' id='word_1_194' title='bbox 247 2033 436 2070; x_wconf 83' lang='lat' dir='ltr'>distantiae</span> <span class='ocrx_word' id='word_1_195' title='bbox 469 2032 621 2069; x_wconf 90' lang='lat' dir='ltr'>orbium</span> <span class='ocrx_word' id='word_1_196' title='bbox 651 2032 807 2069; x_wconf 88' lang='lat' dir='ltr'>illorum</span> <span class='ocrx_word' id='word_1_197' title='bbox 837 2045 861 2069; x_wconf 85' lang='lat' dir='ltr'>a</span> <span class='ocrx_word' id='word_1_198' title='bbox 890 2040 1045 2078; x_wconf 88' lang='lat' dir='ltr'>centro;</span> <span class='ocrx_word' id='word_1_199' title='bbox 1083 2029 1190 2068; x_wconf 77' lang='lat' dir='ltr'>unde</span> <span class='ocrx_word' id='word_1_200' title='bbox 1222 2043 1289 2078; x_wconf 91' lang='lat' dir='ltr'>per</span> 
     </span>
     <span class='ocr_line' id='line_1_22' title="bbox 246 2084 1288 2136; baseline -0.004 -13"><span class='ocrx_word' id='word_1_201' title='bbox 246 2087 433 2136; x_wconf 87' lang='lat' dir='ltr'>analysim</span> <span class='ocrx_word' id='word_1_202' title='bbox 454 2085 608 2123; x_wconf 88' lang='lat' dir='ltr'>deducit</span> <span class='ocrx_word' id='word_1_203' title='bbox 627 2093 798 2134; x_wconf 88' lang='lat' dir='ltr'>tempora</span> <span class='ocrx_word' id='word_1_204' title='bbox 817 2084 1007 2133; x_wconf 86' lang='lat' dir='ltr'>periodica</span> <span class='ocrx_word' id='word_1_205' title='bbox 1021 2084 1187 2132; x_wconf 91' lang='lat' dir='ltr'>partium</span> <span class='ocrx_word' id='word_1_206' title='bbox 1204 2097 1288 2120; x_wconf 90' lang='lat' dir='ltr'>vor-</span> 
     </span>
     <span class='ocr_line' id='line_1_23' title="bbox 246 2136 1285 2189; baseline -0.004 -12"><span class='ocrx_word' id='word_1_207' title='bbox 246 2140 332 2177; x_wconf 90' lang='lat' dir='ltr'>ticis</span> <span class='ocrx_word' id='word_1_208' title='bbox 351 2139 524 2187; x_wconf 83' lang='lat' dir='ltr'>sphaerici</span> <span class='ocrx_word' id='word_1_209' title='bbox 542 2137 773 2189; x_wconf 70' lang='lat' dir='ltr'>liomogenei</span> <span class='ocrx_word' id='word_1_210' title='bbox 792 2151 872 2175; x_wconf 89' lang='lat' dir='ltr'>esse</span> <span class='ocrx_word' id='word_1_211' title='bbox 886 2138 927 2174; x_wconf 89' lang='lat' dir='ltr'>in</span> <span class='ocrx_word' id='word_1_212' title='bbox 945 2137 1092 2175; x_wconf 84' lang='lat' dir='ltr'>ratione</span> <span class='ocrx_word' id='word_1_213' title='bbox 1110 2136 1285 2175; x_wconf 90' lang='lat' dir='ltr'>radicum</span> 
     </span>
     <span class='ocr_line' id='line_1_24' title="bbox 247 2191 1284 2242; baseline -0.004 -12"><span class='ocrx_word' id='word_1_214' title='bbox 247 2193 470 2230; x_wconf 85' lang='lat' dir='ltr'>cubicarum</span> <span class='ocrx_word' id='word_1_215' title='bbox 489 2192 686 2242; x_wconf 82' lang='lat' dir='ltr'>dignitatis</span> <span class='ocrx_word' id='word_1_216' title='bbox 704 2191 848 2241; x_wconf 86' lang='lat' dir='ltr'>quintae</span> <span class='ocrx_word' id='word_1_217' title='bbox 863 2191 1129 2229; x_wconf 85' lang='lat' dir='ltr'>distantiarum</span> <span class='ocrx_word' id='word_1_218' title='bbox 1149 2204 1171 2227; x_wconf 88' lang='lat' dir='ltr'>a</span> <span class='ocrx_word' id='word_1_219' title='bbox 1196 2202 1284 2226; x_wconf 88' lang='lat' dir='ltr'>cen-</span> 
     </span>
     <span class='ocr_line' id='line_1_25' title="bbox 247 2243 1286 2293; baseline -0.004 -10"><span class='ocrx_word' id='word_1_220' title='bbox 247 2254 331 2292; x_wconf 85' lang='lat' dir='ltr'>tr03</span> <span class='ocrx_word' id='word_1_221' title='bbox 362 2257 496 2282; x_wconf 86' lang='lat' dir='ltr'>earum</span> <span class='ocrx_word' id='word_1_222' title='bbox 522 2243 611 2282; x_wconf 77' lang='lat' dir='ltr'>vero</span> <span class='ocrx_word' id='word_1_223' title='bbox 638 2245 867 2282; x_wconf 86' lang='lat' dir='ltr'>celeritatem</span> <span class='ocrx_word' id='word_1_224' title='bbox 888 2246 959 2281; x_wconf 92' lang='lat' dir='ltr'>sub</span> <span class='ocrx_word' id='word_1_225' title='bbox 987 2251 1178 2293; x_wconf 86' lang='lat' dir='ltr'>aequatore</span> <span class='ocrx_word' id='word_1_226' title='bbox 1206 2256 1286 2280; x_wconf 89' lang='lat' dir='ltr'>esse</span> 
     </span>
     <span class='ocr_line' id='line_1_26' title="bbox 247 2296 1286 2347; baseline -0.004 -11"><span class='ocrx_word' id='word_1_227' title='bbox 247 2297 439 2347; x_wconf 73' lang='lat' dir='ltr'>reciproce</span> <span class='ocrx_word' id='word_1_228' title='bbox 459 2299 499 2335; x_wconf 90' lang='lat' dir='ltr'>in</span> <span class='ocrx_word' id='word_1_229' title='bbox 517 2298 663 2335; x_wconf 89' lang='lat' dir='ltr'>ratione</span> <span class='ocrx_word' id='word_1_230' title='bbox 689 2297 826 2335; x_wconf 85' lang='lat' dir='ltr'>radicis</span> <span class='ocrx_word' id='word_1_231' title='bbox 854 2297 998 2335; x_wconf 84' lang='lat' dir='ltr'>cubicae</span> <span class='ocrx_word' id='word_1_232' title='bbox 1016 2296 1190 2347; x_wconf 79' lang='lat' dir='ltr'>quadrati</span> <span class='ocrx_word' id='word_1_233' title='bbox 1209 2296 1286 2332; x_wconf 88' lang='lat' dir='ltr'>dis-</span> 
     </span>
     <span class='ocr_line' id='line_1_27' title="bbox 248 2349 1286 2400; baseline -0.005 -10"><span class='ocrx_word' id='word_1_234' title='bbox 248 2353 456 2390; x_wconf 83' lang='lat' dir='ltr'>tantiarum</span> <span class='ocrx_word' id='word_1_235' title='bbox 475 2364 497 2388; x_wconf 89' lang='lat' dir='ltr'>a</span> <span class='ocrx_word' id='word_1_236' title='bbox 516 2359 657 2389; x_wconf 90' lang='lat' dir='ltr'>centro.</span> <span class='ocrx_word' id='word_1_237' title='bbox 720 2350 759 2388; x_wconf 90' lang='lat' dir='ltr'>Si</span> <span class='ocrx_word' id='word_1_238' title='bbox 778 2351 819 2387; x_wconf 90' lang='lat' dir='ltr'>in</span> <span class='ocrx_word' id='word_1_239' title='bbox 836 2351 1038 2400; x_wconf 81' lang='lat' dir='ltr'>hypothesi</span> <span class='ocrx_word' id='word_1_240' title='bbox 1068 2349 1286 2388; x_wconf 89' lang='lat' dir='ltr'>Bernoullii</span> 
     </span>
     <span class='ocr_line' id='line_1_28' title="bbox 248 2403 1286 2456; baseline -0.004 -14"><span class='ocrx_word' id='word_1_241' title='bbox 248 2404 468 2456; x_wconf 87' lang='lat' dir='ltr'>negligatur</span> <span class='ocrx_word' id='word_1_242' title='bbox 498 2405 554 2440; x_wconf 83' lang='lat' dir='ltr'>vis</span> <span class='ocrx_word' id='word_1_243' title='bbox 585 2403 709 2448; x_wconf 84' lang='lat' dir='ltr'>vectis,</span> <span class='ocrx_word' id='word_1_244' title='bbox 741 2403 876 2441; x_wconf 91' lang='lat' dir='ltr'>eodem</span> <span class='ocrx_word' id='word_1_245' title='bbox 909 2403 1058 2441; x_wconf 90' lang='lat' dir='ltr'>calculo</span> <span class='ocrx_word' id='word_1_246' title='bbox 1086 2415 1163 2452; x_wconf 92' lang='lat' dir='ltr'>quo</span> <span class='ocrx_word' id='word_1_247' title='bbox 1192 2415 1286 2439; x_wconf 89' lang='lat' dir='ltr'>usus</span> 
     </span>
     <span class='ocr_line' id='line_1_29' title="bbox 249 2455 1287 2506; baseline -0.002 -11"><span class='ocrx_word' id='word_1_248' title='bbox 249 2466 316 2504; x_wconf 90' lang='lat' dir='ltr'>est,</span> <span class='ocrx_word' id='word_1_249' title='bbox 336 2466 508 2506; x_wconf 89' lang='lat' dir='ltr'>tempora</span> <span class='ocrx_word' id='word_1_250' title='bbox 525 2457 715 2505; x_wconf 86' lang='lat' dir='ltr'>periodica</span> <span class='ocrx_word' id='word_1_251' title='bbox 728 2456 979 2494; x_wconf 88' lang='lat' dir='ltr'>inveniuntur</span> <span class='ocrx_word' id='word_1_252' title='bbox 990 2455 1287 2505; x_wconf 85' lang='lat' dir='ltr'>proportionalia</span> 
     </span>
     <span class='ocr_line' id='line_1_30' title="bbox 248 2509 1287 2561; baseline -0.003 -12"><span class='ocrx_word' id='word_1_253' title='bbox 248 2511 594 2549; x_wconf 82' lang='lat' dir='ltr'>radicibuscubicis</span> <span class='ocrx_word' id='word_1_254' title='bbox 606 2510 801 2561; x_wconf 86' lang='lat' dir='ltr'>dignitatis</span> <span class='ocrx_word' id='word_1_255' title='bbox 815 2519 963 2561; x_wconf 85' lang='lat' dir='ltr'>quartae</span> <span class='ocrx_word' id='word_1_256' title='bbox 982 2509 1249 2546; x_wconf 86' lang='lat' dir='ltr'>distantiarum</span> <span class='ocrx_word' id='word_1_257' title='bbox 1265 2521 1287 2546; x_wconf 90' lang='lat' dir='ltr'>a</span> 
     </span>
     <span class='ocr_line' id='line_1_31' title="bbox 249 2561 1285 2612; baseline -0.004 -10"><span class='ocrx_word' id='word_1_258' title='bbox 249 2573 404 2611; x_wconf 84' lang='lat' dir='ltr'>centr03</span> <span class='ocrx_word' id='word_1_259' title='bbox 426 2565 456 2601; x_wconf 88' lang='lat' dir='ltr'>si</span> <span class='ocrx_word' id='word_1_260' title='bbox 472 2562 560 2601; x_wconf 75' lang='lat' dir='ltr'>vero</span> <span class='ocrx_word' id='word_1_261' title='bbox 574 2576 836 2612; x_wconf 81' lang='lat' dir='ltr'>supponamus</span> <span class='ocrx_word' id='word_1_262' title='bbox 850 2563 1116 2611; x_wconf 87' lang='lat' dir='ltr'>impressiones</span> <span class='ocrx_word' id='word_1_263' title='bbox 1134 2561 1285 2599; x_wconf 91' lang='lat' dir='ltr'>orbium</span> 
     </span>
     <span class='ocr_line' id='line_1_32' title="bbox 249 2612 1285 2664; baseline -0.005 -9"><span class='ocrx_word' id='word_1_264' title='bbox 249 2617 291 2654; x_wconf 91' lang='lat' dir='ltr'>in</span> <span class='ocrx_word' id='word_1_265' title='bbox 312 2631 351 2655; x_wconf 89' lang='lat' dir='ltr'>se</span> <span class='ocrx_word' id='word_1_266' title='bbox 370 2617 507 2655; x_wconf 80' lang='lat' dir='ltr'>mutuo</span> <span class='ocrx_word' id='word_1_267' title='bbox 526 2618 655 2662; x_wconf 86' lang='lat' dir='ltr'>factas,</span> <span class='ocrx_word' id='word_1_268' title='bbox 685 2630 765 2654; x_wconf 88' lang='lat' dir='ltr'>esse</span> <span class='ocrx_word' id='word_1_269' title='bbox 784 2618 824 2653; x_wconf 89' lang='lat' dir='ltr'>in</span> <span class='ocrx_word' id='word_1_270' title='bbox 842 2616 989 2654; x_wconf 87' lang='lat' dir='ltr'>ratione</span> <span class='ocrx_word' id='word_1_271' title='bbox 1011 2612 1220 2664; x_wconf 70' lang='lat' dir='ltr'>composita</span> <span class='ocrx_word' id='word_1_272' title='bbox 1239 2627 1285 2651; x_wconf 86' lang='lat' dir='ltr'>ex</span> 
     </span>
     <span class='ocr_line' id='line_1_33' title="bbox 248 2668 1288 2720; baseline -0.004 -11"><span class='ocrx_word' id='word_1_273' title='bbox 248 2671 396 2709; x_wconf 88' lang='lat' dir='ltr'>ratione</span> <span class='ocrx_word' id='word_1_274' title='bbox 414 2670 665 2720; x_wconf 87' lang='lat' dir='ltr'>pressionum,</span> <span class='ocrx_word' id='word_1_275' title='bbox 686 2671 832 2708; x_wconf 86' lang='lat' dir='ltr'>ratione</span> <span class='ocrx_word' id='word_1_276' title='bbox 850 2669 1095 2707; x_wconf 87' lang='lat' dir='ltr'>velocitatum</span> <span class='ocrx_word' id='word_1_277' title='bbox 1114 2668 1288 2705; x_wconf 88' lang='lat' dir='ltr'>relativa-</span> 
     </span>
     <span class='ocr_line' id='line_1_34' title="bbox 249 2720 1289 2771; baseline -0.005 -9"><span class='ocrx_word' id='word_1_278' title='bbox 249 2737 339 2762; x_wconf 90' lang='lat' dir='ltr'>rum</span> <span class='ocrx_word' id='word_1_279' title='bbox 357 2732 395 2762; x_wconf 91' lang='lat' dir='ltr'>et</span> <span class='ocrx_word' id='word_1_280' title='bbox 413 2724 558 2762; x_wconf 89' lang='lat' dir='ltr'>ratione</span> <span class='ocrx_word' id='word_1_281' title='bbox 576 2723 876 2771; x_wconf 79' lang='lat' dir='ltr'>superficierum,</span> <span class='ocrx_word' id='word_1_282' title='bbox 906 2720 1078 2771; x_wconf 85' lang='lat' dir='ltr'>tempora</span> <span class='ocrx_word' id='word_1_283' title='bbox 1095 2721 1289 2770; x_wconf 88' lang='lat' dir='ltr'>periodica</span> 
     </span>
     <span class='ocr_line' id='line_1_35' title="bbox 254 2774 1288 2825; baseline -0.006 -9"><span class='ocrx_word' id='word_1_284' title='bbox 254 2777 532 2816; x_wconf 88' lang='lat' dir='ltr'>Bernoulliano</span> <span class='ocrx_word' id='word_1_285' title='bbox 560 2776 707 2815; x_wconf 84' lang='lat' dir='ltr'>calculo</span> <span class='ocrx_word' id='word_1_286' title='bbox 734 2776 984 2814; x_wconf 89' lang='lat' dir='ltr'>inveniuntur</span> <span class='ocrx_word' id='word_1_287' title='bbox 1001 2774 1193 2825; x_wconf 83' lang='lat' dir='ltr'>quadratis</span> <span class='ocrx_word' id='word_1_288' title='bbox 1212 2774 1288 2811; x_wconf 87' lang='lat' dir='ltr'>dis-</span> 
     </span>
     <span class='ocr_line' id='line_1_36' title="bbox 249 2829 1288 2880; baseline -0.005 -11"><span class='ocrx_word' id='word_1_289' title='bbox 249 2832 456 2869; x_wconf 83' lang='lat' dir='ltr'>tantiarum</span> <span class='ocrx_word' id='word_1_290' title='bbox 473 2829 778 2880; x_wconf 87' lang='lat' dir='ltr'>proportionalia,</span> <span class='ocrx_word' id='word_1_291' title='bbox 793 2831 851 2867; x_wconf 91' lang='lat' dir='ltr'>uti</span> <span class='ocrx_word' id='word_1_292' title='bbox 869 2830 1083 2867; x_wconf 90' lang='lat' dir='ltr'>Newtonus</span> <span class='ocrx_word' id='word_1_293' title='bbox 1097 2841 1164 2877; x_wconf 89' lang='lat' dir='ltr'>per</span> <span class='ocrx_word' id='word_1_294' title='bbox 1178 2840 1288 2865; x_wconf 87' lang='lat' dir='ltr'>suam</span> 
     </span>
     <span class='ocr_line' id='line_1_37' title="bbox 250 2878 1285 2933; baseline -0.003 -12"><span class='ocrx_word' id='word_1_295' title='bbox 250 2884 491 2933; x_wconf 81' lang='lat' dir='ltr'>hypothesim</span> <span class='ocrx_word' id='word_1_296' title='bbox 520 2885 740 2930; x_wconf 84' lang='lat' dir='ltr'>invenerat3</span> <span class='ocrx_word' id='word_1_297' title='bbox 774 2891 813 2920; x_wconf 89' lang='lat' dir='ltr'>et</span> <span class='ocrx_word' id='word_1_298' title='bbox 831 2882 973 2919; x_wconf 89' lang='lat' dir='ltr'>sicum</span> <span class='ocrx_word' id='word_1_299' title='bbox 1003 2881 1062 2919; x_wconf 90' lang='lat' dir='ltr'>his</span> <span class='ocrx_word' id='word_1_300' title='bbox 1088 2881 1209 2919; x_wconf 88' lang='lat' dir='ltr'>tribus</span> <span class='ocrx_word' id='word_1_301' title='bbox 1226 2878 1285 2918; x_wconf 84' lang='lat' dir='ltr'>ra-</span> 
     </span>
     <span class='ocr_line' id='line_1_38' title="bbox 250 2935 1287 2985; baseline -0.004 -10"><span class='ocrx_word' id='word_1_302' title='bbox 250 2938 419 2975; x_wconf 85' lang='lat' dir='ltr'>tionibus</span> <span class='ocrx_word' id='word_1_303' title='bbox 446 2944 698 2985; x_wconf 83' lang='lat' dir='ltr'>componatur</span> <span class='ocrx_word' id='word_1_304' title='bbox 724 2937 821 2974; x_wconf 87' lang='lat' dir='ltr'>ratio</span> <span class='ocrx_word' id='word_1_305' title='bbox 840 2935 1029 2973; x_wconf 86' lang='lat' dir='ltr'>distantiae</span> <span class='ocrx_word' id='word_1_306' title='bbox 1043 2948 1066 2972; x_wconf 88' lang='lat' dir='ltr'>a</span> <span class='ocrx_word' id='word_1_307' title='bbox 1084 2941 1214 2972; x_wconf 90' lang='lat' dir='ltr'>centro</span> <span class='ocrx_word' id='word_1_308' title='bbox 1242 2941 1287 2971; x_wconf 87' lang='lat' dir='ltr'>ut</span> 
     </span>
     <span class='ocr_line' id='line_1_39' title="bbox 251 2987 1285 3038; baseline -0.002 -12"><span class='ocrx_word' id='word_1_309' title='bbox 251 2990 308 3027; x_wconf 90' lang='lat' dir='ltr'>vis</span> <span class='ocrx_word' id='word_1_310' title='bbox 335 2990 450 3028; x_wconf 89' lang='lat' dir='ltr'>vectis</span> <span class='ocrx_word' id='word_1_311' title='bbox 478 2991 724 3038; x_wconf 85' lang='lat' dir='ltr'>exprimatur,</span> <span class='ocrx_word' id='word_1_312' title='bbox 757 2997 930 3037; x_wconf 87' lang='lat' dir='ltr'>tempora</span> <span class='ocrx_word' id='word_1_313' title='bbox 960 2987 1151 3037; x_wconf 85' lang='lat' dir='ltr'>periodica</span> <span class='ocrx_word' id='word_1_314' title='bbox 1178 2999 1285 3035; x_wconf 82' lang='lat' dir='ltr'>repe-</span> 
     </span>
     <span class='ocr_line' id='line_1_40' title="bbox 252 3041 1283 3092; baseline -0.004 -11"><span class='ocrx_word' id='word_1_315' title='bbox 252 3044 406 3081; x_wconf 86' lang='lat' dir='ltr'>riuntur</span> <span class='ocrx_word' id='word_1_316' title='bbox 433 3043 730 3092; x_wconf 86' lang='lat' dir='ltr'>proportionalia</span> <span class='ocrx_word' id='word_1_317' title='bbox 747 3042 938 3080; x_wconf 76' lang='lat' dir='ltr'>radicibus</span> <span class='ocrx_word' id='word_1_318' title='bbox 956 3041 1099 3079; x_wconf 91' lang='lat' dir='ltr'>cubicis</span> <span class='ocrx_word' id='word_1_319' title='bbox 1117 3041 1283 3091; x_wconf 84' lang='lat' dir='ltr'>dignita·</span> 
     </span>
     <span class='ocr_line' id='line_1_41' title="bbox 252 3091 1289 3144; baseline -0.003 -10"><span class='ocrx_word' id='word_1_320' title='bbox 252 3096 301 3134; x_wconf 86' lang='lat' dir='ltr'>tis</span> <span class='ocrx_word' id='word_1_321' title='bbox 330 3097 500 3144; x_wconf 81' lang='lat' dir='ltr'>septimae</span> <span class='ocrx_word' id='word_1_322' title='bbox 535 3096 802 3134; x_wconf 84' lang='lat' dir='ltr'>distantiarum</span> <span class='ocrx_word' id='word_1_323' title='bbox 834 3108 858 3133; x_wconf 86' lang='lat' dir='ltr'>a</span> <span class='ocrx_word' id='word_1_324' title='bbox 883 3103 1025 3133; x_wconf 84' lang='lat' dir='ltr'>centro.</span> <span class='ocrx_word' id='word_1_325' title='bbox 1086 3094 1167 3132; x_wconf 85' lang='lat' dir='ltr'>Hae</span> <span class='ocrx_word' id='word_1_326' title='bbox 1198 3091 1289 3131; x_wconf 74' lang='lat' dir='ltr'>vero</span> 
     </span>
     <span class='ocr_line' id='line_1_42' title="bbox 253 3145 1289 3200; baseline -0.002 -14"><span class='ocrx_word' id='word_1_327' title='bbox 253 3150 442 3200; x_wconf 88' lang='lat' dir='ltr'>analogiae</span> <span class='ocrx_word' id='word_1_328' title='bbox 474 3162 607 3187; x_wconf 87' lang='lat' dir='ltr'>omnes</span> <span class='ocrx_word' id='word_1_329' title='bbox 626 3163 649 3187; x_wconf 89' lang='lat' dir='ltr'>a</span> <span class='ocrx_word' id='word_1_330' title='bbox 667 3149 802 3200; x_wconf 70' lang='lat' dir='ltr'>regula</span> <span class='ocrx_word' id='word_1_331' title='bbox 834 3148 900 3185; x_wconf 70' lang='lat' dir='ltr'>illa</span> <span class='ocrx_word' id='word_1_332' title='bbox 935 3146 1183 3197; x_wconf 68' lang='lat' dir='ltr'>Kepleriana,</span> <span class='ocrx_word' id='word_1_333' title='bbox 1211 3145 1289 3197; x_wconf 66' lang='lat' dir='ltr'>qua</span> 
     </span>
     <span class='ocr_line' id='line_1_43' title="bbox 254 3200 1285 3253; baseline -0.003 -13"><span class='ocrx_word' id='word_1_334' title='bbox 254 3209 427 3251; x_wconf 87' lang='lat' dir='ltr'>tempora</span> <span class='ocrx_word' id='word_1_335' title='bbox 446 3201 638 3253; x_wconf 87' lang='lat' dir='ltr'>periodica</span> <span class='ocrx_word' id='word_1_336' title='bbox 655 3209 877 3240; x_wconf 83' lang='lat' dir='ltr'>statuuntur</span> <span class='ocrx_word' id='word_1_337' title='bbox 895 3214 975 3239; x_wconf 90' lang='lat' dir='ltr'>esse</span> <span class='ocrx_word' id='word_1_338' title='bbox 993 3202 1035 3238; x_wconf 91' lang='lat' dir='ltr'>in</span> <span class='ocrx_word' id='word_1_339' title='bbox 1053 3200 1199 3238; x_wconf 87' lang='lat' dir='ltr'>ratione</span> <span class='ocrx_word' id='word_1_340' title='bbox 1210 3212 1285 3238; x_wconf 87' lang='lat' dir='ltr'>ses-</span> 
     </span>
     <span class='ocr_line' id='line_1_44' title="bbox 254 3251 1287 3306; baseline -0.002 -13"><span class='ocrx_word' id='word_1_341' title='bbox 254 3255 463 3306; x_wconf 88' lang='lat' dir='ltr'>quiplicata</span> <span class='ocrx_word' id='word_1_342' title='bbox 489 3255 767 3301; x_wconf 86' lang='lat' dir='ltr'>distantiarum,</span> <span class='ocrx_word' id='word_1_343' title='bbox 806 3255 1049 3293; x_wconf 85' lang='lat' dir='ltr'>dissentiunt.</span> <span class='ocrx_word' id='word_1_344' title='bbox 1113 3254 1170 3292; x_wconf 91' lang='lat' dir='ltr'>Ut</span> <span class='ocrx_word' id='word_1_345' title='bbox 1196 3251 1287 3304; x_wconf 67' lang='lat' dir='ltr'>erg&amp;</span> 
     </span>
     <span class='ocr_line' id='line_1_45' title="bbox 254 3304 1288 3359; baseline -0.002 -14"><span class='ocrx_word' id='word_1_346' title='bbox 254 3308 408 3346; x_wconf 88' lang='lat' dir='ltr'>vorticis</span> <span class='ocrx_word' id='word_1_347' title='bbox 427 3308 597 3357; x_wconf 84' lang='lat' dir='ltr'>sphaerici</span> <span class='ocrx_word' id='word_1_348' title='bbox 610 3309 715 3359; x_wconf 87' lang='lat' dir='ltr'>leges</span> <span class='ocrx_word' id='word_1_349' title='bbox 733 3321 824 3346; x_wconf 87' lang='lat' dir='ltr'>cum</span> <span class='ocrx_word' id='word_1_350' title='bbox 847 3307 1006 3357; x_wconf 87' lang='lat' dir='ltr'>Kepleri</span> <span class='ocrx_word' id='word_1_351' title='bbox 1026 3307 1177 3345; x_wconf 88' lang='lat' dir='ltr'>sancitis</span> <span class='ocrx_word' id='word_1_352' title='bbox 1195 3304 1288 3345; x_wconf 89' lang='lat' dir='ltr'>con-</span> 
     </span>
     <span class='ocr_line' id='line_1_46' title="bbox 253 3359 1290 3411; baseline -0.004 -11"><span class='ocrx_word' id='word_1_353' title='bbox 253 3361 358 3400; x_wconf 71' lang='lat' dir='ltr'>ciliet</span> <span class='ocrx_word' id='word_1_354' title='bbox 389 3361 648 3408; x_wconf 90' lang='lat' dir='ltr'>Bernoullius,</span> <span class='ocrx_word' id='word_1_355' title='bbox 679 3361 861 3411; x_wconf 86' lang='lat' dir='ltr'>supponit</span> <span class='ocrx_word' id='word_1_356' title='bbox 887 3360 1113 3399; x_wconf 78' lang='lat' dir='ltr'>densitatem</span> <span class='ocrx_word' id='word_1_357' title='bbox 1142 3359 1290 3397; x_wconf 84' lang='lat' dir='ltr'>vorticis</span> 
     </span>
     <span class='ocr_line' id='line_1_47' title="bbox 255 3414 1289 3463; baseline -0.003 -11"><span class='ocrx_word' id='word_1_358' title='bbox 255 3427 336 3453; x_wconf 87' lang='lat' dir='ltr'>esse</span> <span class='ocrx_word' id='word_1_359' title='bbox 355 3415 395 3451; x_wconf 91' lang='lat' dir='ltr'>in</span> <span class='ocrx_word' id='word_1_360' title='bbox 413 3415 559 3452; x_wconf 88' lang='lat' dir='ltr'>ratione</span> <span class='ocrx_word' id='word_1_361' title='bbox 578 3414 846 3463; x_wconf 71' lang='lat' dir='ltr'>subduplicata</span> <span class='ocrx_word' id='word_1_362' title='bbox 863 3414 1054 3453; x_wconf 80' lang='lat' dir='ltr'>distantiae</span> <span class='ocrx_word' id='word_1_363' title='bbox 1082 3420 1212 3451; x_wconf 88' lang='lat' dir='ltr'>centro</span> <span class='ocrx_word' id='word_1_364' title='bbox 1227 3425 1289 3450; x_wconf 87' lang='lat' dir='ltr'>re-</span> 
     </span>
     <span class='ocr_line' id='line_1_48' title="bbox 255 3466 1291 3518; baseline -0.003 -12"><span class='ocrx_word' id='word_1_365' title='bbox 255 3467 415 3516; x_wconf 73' lang='lat' dir='ltr'>ciproce,</span> <span class='ocrx_word' id='word_1_366' title='bbox 446 3467 618 3516; x_wconf 90' lang='lat' dir='ltr'>planetas</span> <span class='ocrx_word' id='word_1_367' title='bbox 636 3467 725 3506; x_wconf 76' lang='lat' dir='ltr'>vero</span> <span class='ocrx_word' id='word_1_368' title='bbox 744 3481 823 3506; x_wconf 90' lang='lat' dir='ltr'>non</span> <span class='ocrx_word' id='word_1_369' title='bbox 841 3480 921 3505; x_wconf 88' lang='lat' dir='ltr'>esse</span> <span class='ocrx_word' id='word_1_370' title='bbox 939 3466 1111 3518; x_wconf 84' lang='lat' dir='ltr'>ejusdem</span> <span class='ocrx_word' id='word_1_371' title='bbox 1137 3478 1291 3515; x_wconf 79' lang='lat' dir='ltr'>prorsus</span> 
     </span>
     <span class='ocr_line' id='line_1_49' title="bbox 256 3519 1291 3570; baseline -0.003 -12"><span class='ocrx_word' id='word_1_372' title='bbox 256 3520 454 3558; x_wconf 83' lang='lat' dir='ltr'>densitatis</span> <span class='ocrx_word' id='word_1_373' title='bbox 472 3533 562 3558; x_wconf 91' lang='lat' dir='ltr'>cum</span> <span class='ocrx_word' id='word_1_374' title='bbox 581 3520 710 3558; x_wconf 89' lang='lat' dir='ltr'>medio</span> <span class='ocrx_word' id='word_1_375' title='bbox 728 3521 849 3558; x_wconf 85' lang='lat' dir='ltr'>fluido</span> <span class='ocrx_word' id='word_1_376' title='bbox 866 3521 907 3558; x_wconf 93' lang='lat' dir='ltr'>in</span> <span class='ocrx_word' id='word_1_377' title='bbox 926 3533 1003 3570; x_wconf 91' lang='lat' dir='ltr'>quo</span> <span class='ocrx_word' id='word_1_378' title='bbox 1021 3519 1193 3569; x_wconf 75' lang='lat' dir='ltr'>primum</span> <span class='ocrx_word' id='word_1_379' title='bbox 1212 3519 1291 3557; x_wconf 88' lang='lat' dir='ltr'>col-</span> 
     </span>
     <span class='ocr_line' id='line_1_50' title="bbox 255 3571 1295 3625; baseline 0 -15"><span class='ocrx_word' id='word_1_380' title='bbox 255 3573 369 3612; x_wconf 87' lang='lat' dir='ltr'>locati</span> <span class='ocrx_word' id='word_1_381' title='bbox 378 3582 478 3619; x_wconf 89' lang='lat' dir='ltr'>sunt,</span> <span class='ocrx_word' id='word_1_382' title='bbox 491 3571 654 3623; x_wconf 77' lang='lat' dir='ltr'>ideoque</span> <span class='ocrx_word' id='word_1_383' title='bbox 665 3575 714 3611; x_wconf 90' lang='lat' dir='ltr'>ob</span> <span class='ocrx_word' id='word_1_384' title='bbox 725 3574 909 3625; x_wconf 87' lang='lat' dir='ltr'>majorem</span> <span class='ocrx_word' id='word_1_385' title='bbox 916 3574 975 3611; x_wconf 89' lang='lat' dir='ltr'>vel</span> <span class='ocrx_word' id='word_1_386' title='bbox 985 3573 1173 3611; x_wconf 90' lang='lat' dir='ltr'>minorem</span> <span class='ocrx_word' id='word_1_387' title='bbox 1186 3584 1295 3610; x_wconf 86' lang='lat' dir='ltr'>suam</span> 
     </span>
     <span class='ocr_line' id='line_1_51' title="bbox 256 3625 1293 3665; baseline -0.002 -1"><span class='ocrx_word' id='word_1_388' title='bbox 256 3626 483 3665; x_wconf 83' lang='lat' dir='ltr'>densitatem</span> <span class='ocrx_word' id='word_1_389' title='bbox 502 3628 542 3664; x_wconf 90' lang='lat' dir='ltr'>in</span> <span class='ocrx_word' id='word_1_390' title='bbox 560 3640 607 3664; x_wconf 89' lang='lat' dir='ltr'>eo</span> <span class='ocrx_word' id='word_1_391' title='bbox 624 3626 751 3664; x_wconf 90' lang='lat' dir='ltr'>medio</span> <span class='ocrx_word' id='word_1_392' title='bbox 770 3625 978 3665; x_wconf 72' lang='lat' dir='ltr'>successive</span> <span class='ocrx_word' id='word_1_393' title='bbox 1005 3625 1233 3664; x_wconf 88' lang='lat' dir='ltr'>descendere</span> <span class='ocrx_word' id='word_1_394' title='bbox 1254 3633 1293 3662; x_wconf 89' lang='lat' dir='ltr'>et</span> 
     </span>
     <span class='ocr_line' id='line_1_52' title="bbox 256 3677 1294 3727; baseline -0.001 -11"><span class='ocrx_word' id='word_1_395' title='bbox 256 3681 473 3727; x_wconf 84' lang='lat' dir='ltr'>ascendere,</span> <span class='ocrx_word' id='word_1_396' title='bbox 514 3677 755 3718; x_wconf 73' lang='lat' dir='ltr'>intereadum</span> <span class='ocrx_word' id='word_1_397' title='bbox 796 3678 969 3717; x_wconf 90' lang='lat' dir='ltr'>circulari</span> <span class='ocrx_word' id='word_1_398' title='bbox 1006 3687 1115 3717; x_wconf 87' lang='lat' dir='ltr'>motu</span> <span class='ocrx_word' id='word_1_399' title='bbox 1144 3677 1294 3716; x_wconf 85' lang='lat' dir='ltr'>vorticis</span> 
     </span>
     <span class='ocr_line' id='line_1_53' title="bbox 257 3730 1297 3783; baseline 0 -14"><span class='ocrx_word' id='word_1_400' title='bbox 257 3733 509 3781; x_wconf 74' lang='lat' dir='ltr'>abripiuntur,</span> <span class='ocrx_word' id='word_1_401' title='bbox 539 3746 585 3770; x_wconf 86' lang='lat' dir='ltr'>ex</span> <span class='ocrx_word' id='word_1_402' title='bbox 604 3734 743 3783; x_wconf 85' lang='lat' dir='ltr'>quibus</span> <span class='ocrx_word' id='word_1_403' title='bbox 761 3732 928 3770; x_wconf 87' lang='lat' dir='ltr'>motibus</span> <span class='ocrx_word' id='word_1_404' title='bbox 946 3732 1062 3770; x_wconf 86' lang='lat' dir='ltr'>simul</span> <span class='ocrx_word' id='word_1_405' title='bbox 1080 3730 1297 3781; x_wconf 88' lang='lat' dir='ltr'>compositis</span> 
     </span>
     <span class='ocr_line' id='line_1_54' title="bbox 257 3785 1298 3836; baseline -0.001 -14"><span class='ocrx_word' id='word_1_406' title='bbox 257 3793 472 3824; x_wconf 86' lang='lat' dir='ltr'>nascuntur</span> <span class='ocrx_word' id='word_1_407' title='bbox 523 3786 702 3834; x_wconf 79' lang='lat' dir='ltr'>ellipticae</span> <span class='ocrx_word' id='word_1_408' title='bbox 737 3785 976 3834; x_wconf 85' lang='lat' dir='ltr'>planetarum</span> <span class='ocrx_word' id='word_1_409' title='bbox 1009 3785 1231 3836; x_wconf 82' lang='lat' dir='ltr'>trajectoriae</span> <span class='ocrx_word' id='word_1_410' title='bbox 1259 3791 1298 3821; x_wconf 87' lang='lat' dir='ltr'>et</span> 
     </span>
     <span class='ocr_line' id='line_1_55' title="bbox 257 3838 1296 3887; baseline 0.001 -12"><span class='ocrx_word' id='word_1_411' title='bbox 257 3839 500 3887; x_wconf 77' lang='lat' dir='ltr'>apheliorum</span> <span class='ocrx_word' id='word_1_412' title='bbox 532 3839 730 3878; x_wconf 84' lang='lat' dir='ltr'>lentissimi</span> <span class='ocrx_word' id='word_1_413' title='bbox 746 3846 885 3878; x_wconf 84' lang='lat' dir='ltr'>motus.</span> <span class='ocrx_word' id='word_1_414' title='bbox 921 3838 997 3877; x_wconf 88' lang='lat' dir='ltr'>Sed</span> <span class='ocrx_word' id='word_1_415' title='bbox 1012 3839 1184 3878; x_wconf 85' lang='lat' dir='ltr'>medium</span> <span class='ocrx_word' id='word_1_416' title='bbox 1198 3838 1296 3877; x_wconf 90' lang='lat' dir='ltr'>illud</span> 
     </span>
    </p>
   </div>
   <div class='ocr_carea' id='block_1_4' title="bbox 1339 1816 2374 1871">
    <p class='ocr_par' dir='ltr' id='par_1_4' title="bbox 1339 1816 2374 1871">
     <span class='ocr_line' id='line_1_56' title="bbox 1339 1816 2374 1871; baseline 0 -17"><span class='ocrx_word' id='word_1_417' title='bbox 1339 1817 1380 1855; x_wconf 86' lang='lat' dir='ltr'>in</span> <span class='ocrx_word' id='word_1_418' title='bbox 1399 1831 1479 1871; x_wconf 88' lang='lat' dir='ltr'>quo</span> <span class='ocrx_word' id='word_1_419' title='bbox 1492 1818 1658 1869; x_wconf 80' lang='lat' dir='ltr'>planeta,</span> <span class='ocrx_word' id='word_1_420' title='bbox 1675 1816 1765 1856; x_wconf 63' lang='lat' dir='ltr'>cum</span> <span class='ocrx_word' id='word_1_421' title='bbox 1781 1817 1935 1856; x_wconf 87' lang='lat' dir='ltr'>densior</span> <span class='ocrx_word' id='word_1_422' title='bbox 1948 1823 2016 1863; x_wconf 85' lang='lat' dir='ltr'>est,</span> <span class='ocrx_word' id='word_1_423' title='bbox 2032 1816 2238 1862; x_wconf 86' lang='lat' dir='ltr'>descendit,</span> <span class='ocrx_word' id='word_1_424' title='bbox 2255 1824 2292 1854; x_wconf 91' lang='lat' dir='ltr'>et</span> <span class='ocrx_word' id='word_1_425' title='bbox 2306 1817 2374 1855; x_wconf 87' lang='lat' dir='ltr'>ubi</span> 
     </span>
    </p>
   </div>
   <div class='ocr_carea' id='block_1_5' title="bbox 1322 1870 2374 1921">
    <p class='ocr_par' dir='ltr' id='par_1_5' title="bbox 1322 1870 2374 1921">
     <span class='ocr_line' id='line_1_57' title="bbox 1322 1870 2374 1921; baseline -0.005 -9"><span class='ocrx_word' id='word_1_426' title='bbox 1322 1874 1461 1921; x_wconf 10' lang='lat' dir='ltr'>*rarior</span> <span class='ocrx_word' id='word_1_427' title='bbox 1497 1879 1565 1916; x_wconf 88' lang='lat' dir='ltr'>est,</span> <span class='ocrx_word' id='word_1_428' title='bbox 1597 1870 1780 1917; x_wconf 88' lang='lat' dir='ltr'>ascendit,</span> <span class='ocrx_word' id='word_1_429' title='bbox 1815 1870 1877 1908; x_wconf 86' lang='lat' dir='ltr'>vel</span> <span class='ocrx_word' id='word_1_430' title='bbox 1905 1884 2020 1921; x_wconf 88' lang='lat' dir='ltr'>grave</span> <span class='ocrx_word' id='word_1_431' title='bbox 2047 1879 2104 1907; x_wconf 90' lang='lat' dir='ltr'>est</span> <span class='ocrx_word' id='word_1_432' title='bbox 2129 1870 2170 1907; x_wconf 94' lang='lat' dir='ltr'>in</span> <span class='ocrx_word' id='word_1_433' title='bbox 2198 1878 2374 1907; x_wconf 87' lang='lat' dir='ltr'>centrum</span> 
     </span>
    </p>
   </div>
   <div class='ocr_carea' id='block_1_6' title="bbox 1337 1923 2381 2821">
    <p class='ocr_par' dir='ltr' id='par_1_6' title="bbox 1337 1923 2381 2821">
     <span class='ocr_line' id='line_1_58' title="bbox 1338 1923 2375 1974; baseline -0.005 -10"><span class='ocrx_word' id='word_1_434' title='bbox 1338 1926 1495 1965; x_wconf 86' lang='lat' dir='ltr'>vorticis</span> <span class='ocrx_word' id='word_1_435' title='bbox 1513 1925 1574 1963; x_wconf 92' lang='lat' dir='ltr'>vel</span> <span class='ocrx_word' id='word_1_436' title='bbox 1592 1937 1685 1962; x_wconf 83' lang='lat' dir='ltr'>non.</span> <span class='ocrx_word' id='word_1_437' title='bbox 1746 1924 1786 1961; x_wconf 85' lang='lat' dir='ltr'>Si</span> <span class='ocrx_word' id='word_1_438' title='bbox 1806 1936 1922 1974; x_wconf 87' lang='lat' dir='ltr'>grave</span> <span class='ocrx_word' id='word_1_439' title='bbox 1949 1936 2028 1960; x_wconf 88' lang='lat' dir='ltr'>non</span> <span class='ocrx_word' id='word_1_440' title='bbox 2060 1923 2120 1969; x_wconf 89' lang='lat' dir='ltr'>sit,</span> <span class='ocrx_word' id='word_1_441' title='bbox 2154 1923 2307 1971; x_wconf 84' lang='lat' dir='ltr'>planeta</span> <span class='ocrx_word' id='word_1_442' title='bbox 2333 1923 2375 1959; x_wconf 89' lang='lat' dir='ltr'>in</span> 
     </span>
     <span class='ocr_line' id='line_1_59' title="bbox 1337 1976 2375 2027; baseline -0.006 -8"><span class='ocrx_word' id='word_1_443' title='bbox 1337 1979 1467 2019; x_wconf 89' lang='lat' dir='ltr'>medio</span> <span class='ocrx_word' id='word_1_444' title='bbox 1484 1978 1622 2015; x_wconf 87' lang='lat' dir='ltr'>rariori</span> <span class='ocrx_word' id='word_1_445' title='bbox 1639 1977 1796 2026; x_wconf 74' lang='lat' dir='ltr'>positus,</span> <span class='ocrx_word' id='word_1_446' title='bbox 1820 1977 2032 2027; x_wconf 88' lang='lat' dir='ltr'>eodemque</span> <span class='ocrx_word' id='word_1_447' title='bbox 2051 1989 2140 2014; x_wconf 90' lang='lat' dir='ltr'>cum</span> <span class='ocrx_word' id='word_1_448' title='bbox 2161 1976 2291 2013; x_wconf 90' lang='lat' dir='ltr'>medio</span> <span class='ocrx_word' id='word_1_449' title='bbox 2307 1976 2375 2013; x_wconf 87' lang='lat' dir='ltr'>illo</span> 
     </span>
     <span class='ocr_line' id='line_1_60' title="bbox 1338 2028 2374 2085; baseline -0.004 -15"><span class='ocrx_word' id='word_1_450' title='bbox 1338 2031 1549 2085; x_wconf 82' lang='lat' dir='ltr'>gyrationis</span> <span class='ocrx_word' id='word_1_451' title='bbox 1567 2040 1676 2067; x_wconf 90' lang='lat' dir='ltr'>motu</span> <span class='ocrx_word' id='word_1_452' title='bbox 1696 2037 1814 2076; x_wconf 80' lang='lat' dir='ltr'>actus,</span> <span class='ocrx_word' id='word_1_453' title='bbox 1836 2031 1969 2080; x_wconf 84' lang='lat' dir='ltr'>majori</span> <span class='ocrx_word' id='word_1_454' title='bbox 1991 2028 2026 2066; x_wconf 89' lang='lat' dir='ltr'>vi</span> <span class='ocrx_word' id='word_1_455' title='bbox 2053 2043 2077 2067; x_wconf 86' lang='lat' dir='ltr'>a</span> <span class='ocrx_word' id='word_1_456' title='bbox 2108 2037 2240 2067; x_wconf 84' lang='lat' dir='ltr'>centro</span> <span class='ocrx_word' id='word_1_457' title='bbox 2271 2042 2374 2067; x_wconf 90' lang='lat' dir='ltr'>rece-</span> 
     </span>
     <span class='ocr_line' id='line_1_61' title="bbox 1344 2081 2375 2133; baseline -0.007 -10"><span class='ocrx_word' id='word_1_458' title='bbox 1344 2088 1434 2123; x_wconf 84' lang='lat' dir='ltr'>dere</span> <span class='ocrx_word' id='word_1_459' title='bbox 1454 2092 1492 2122; x_wconf 90' lang='lat' dir='ltr'>et</span> <span class='ocrx_word' id='word_1_460' title='bbox 1509 2083 1687 2132; x_wconf 81' lang='lat' dir='ltr'>spiralem</span> <span class='ocrx_word' id='word_1_461' title='bbox 1707 2083 1958 2133; x_wconf 86' lang='lat' dir='ltr'>trajectoriam</span> <span class='ocrx_word' id='word_1_462' title='bbox 1978 2081 2225 2120; x_wconf 80' lang='lat' dir='ltr'>describendo</span> <span class='ocrx_word' id='word_1_463' title='bbox 2243 2082 2285 2119; x_wconf 92' lang='lat' dir='ltr'>in</span> <span class='ocrx_word' id='word_1_464' title='bbox 2314 2082 2375 2119; x_wconf 90' lang='lat' dir='ltr'>in.</span> 
     </span>
     <span class='ocr_line' id='line_1_62' title="bbox 1345 2128 2375 2184; baseline -0.003 -8"><span class='ocrx_word' id='word_1_465' title='bbox 1345 2140 1502 2176; x_wconf 88' lang='lat' dir='ltr'>finitum</span> <span class='ocrx_word' id='word_1_466' title='bbox 1522 2128 1625 2174; x_wconf 77' lang='lat' dir='ltr'>abire</span> <span class='ocrx_word' id='word_1_467' title='bbox 1643 2136 1777 2181; x_wconf 83' lang='lat' dir='ltr'>debet3</span> <span class='ocrx_word' id='word_1_468' title='bbox 1799 2143 1837 2173; x_wconf 90' lang='lat' dir='ltr'>et</span> <span class='ocrx_word' id='word_1_469' title='bbox 1855 2135 1999 2182; x_wconf 72' lang='lat' dir='ltr'>contra,</span> <span class='ocrx_word' id='word_1_470' title='bbox 2021 2135 2173 2184; x_wconf 84' lang='lat' dir='ltr'>planeta</span> <span class='ocrx_word' id='word_1_471' title='bbox 2190 2136 2231 2171; x_wconf 91' lang='lat' dir='ltr'>in</span> <span class='ocrx_word' id='word_1_472' title='bbox 2246 2132 2375 2173; x_wconf 84' lang='lat' dir='ltr'>medio</span> 
     </span>
     <span class='ocr_line' id='line_1_63' title="bbox 1346 2189 2376 2238; baseline -0.005 -9"><span class='ocrx_word' id='word_1_473' title='bbox 1346 2190 1511 2230; x_wconf 88' lang='lat' dir='ltr'>densiori</span> <span class='ocrx_word' id='word_1_474' title='bbox 1542 2189 1711 2238; x_wconf 71' lang='lat' dir='ltr'>primum</span> <span class='ocrx_word' id='word_1_475' title='bbox 1739 2189 1958 2235; x_wconf 85' lang='lat' dir='ltr'>collocatus,</span> <span class='ocrx_word' id='word_1_476' title='bbox 1996 2190 2044 2226; x_wconf 85' lang='lat' dir='ltr'>ad</span> <span class='ocrx_word' id='word_1_477' title='bbox 2083 2197 2258 2226; x_wconf 86' lang='lat' dir='ltr'>centrum</span> <span class='ocrx_word' id='word_1_478' title='bbox 2306 2200 2376 2237; x_wconf 84' lang='lat' dir='ltr'>per</span> 
     </span>
     <span class='ocr_line' id='line_1_64' title="bbox 1345 2240 2375 2293; baseline -0.004 -11"><span class='ocrx_word' id='word_1_479' title='bbox 1345 2243 1523 2293; x_wconf 88' lang='lat' dir='ltr'>spiralem</span> <span class='ocrx_word' id='word_1_480' title='bbox 1543 2242 1684 2279; x_wconf 84' lang='lat' dir='ltr'>lineam</span> <span class='ocrx_word' id='word_1_481' title='bbox 1703 2240 1890 2290; x_wconf 73' lang='lat' dir='ltr'>perpetuo</span> <span class='ocrx_word' id='word_1_482' title='bbox 1908 2241 2113 2286; x_wconf 84' lang='lat' dir='ltr'>accederet,</span> <span class='ocrx_word' id='word_1_483' title='bbox 2135 2241 2239 2291; x_wconf 88' lang='lat' dir='ltr'>quod</span> <span class='ocrx_word' id='word_1_484' title='bbox 2256 2241 2375 2279; x_wconf 88' lang='lat' dir='ltr'>medii</span> 
     </span>
     <span class='ocr_line' id='line_1_65' title="bbox 1345 2294 2373 2345; baseline -0.004 -10"><span class='ocrx_word' id='word_1_485' title='bbox 1345 2296 1530 2335; x_wconf 86' lang='lat' dir='ltr'>densioris</span> <span class='ocrx_word' id='word_1_486' title='bbox 1548 2296 1670 2344; x_wconf 85' lang='lat' dir='ltr'>major</span> <span class='ocrx_word' id='word_1_487' title='bbox 1688 2306 1769 2332; x_wconf 81' lang='lat' dir='ltr'>esse</span> <span class='ocrx_word' id='word_1_488' title='bbox 1787 2295 1922 2332; x_wconf 78' lang='lat' dir='ltr'>debeat</span> <span class='ocrx_word' id='word_1_489' title='bbox 1940 2295 1995 2332; x_wconf 90' lang='lat' dir='ltr'>vis</span> <span class='ocrx_word' id='word_1_490' title='bbox 2014 2295 2228 2345; x_wconf 85' lang='lat' dir='ltr'>centrifuga</span> <span class='ocrx_word' id='word_1_491' title='bbox 2258 2294 2373 2345; x_wconf 75' lang='lat' dir='ltr'>quam</span> 
     </span>
     <span class='ocr_line' id='line_1_66' title="bbox 1345 2345 2374 2400; baseline -0.003 -12"><span class='ocrx_word' id='word_1_492' title='bbox 1345 2351 1509 2400; x_wconf 84' lang='lat' dir='ltr'>planetae</span> <span class='ocrx_word' id='word_1_493' title='bbox 1528 2349 1688 2386; x_wconf 86' lang='lat' dir='ltr'>rarioris.</span> <span class='ocrx_word' id='word_1_494' title='bbox 1748 2345 1787 2386; x_wconf 83' lang='lat' dir='ltr'>Si</span> <span class='ocrx_word' id='word_1_495' title='bbox 1805 2347 1980 2386; x_wconf 85' lang='lat' dir='ltr'>medium</span> <span class='ocrx_word' id='word_1_496' title='bbox 2007 2360 2121 2398; x_wconf 87' lang='lat' dir='ltr'>grave</span> <span class='ocrx_word' id='word_1_497' title='bbox 2149 2350 2196 2385; x_wconf 91' lang='lat' dir='ltr'>sit</span> <span class='ocrx_word' id='word_1_498' title='bbox 2227 2349 2265 2384; x_wconf 92' lang='lat' dir='ltr'>in</span> <span class='ocrx_word' id='word_1_499' title='bbox 2285 2360 2374 2385; x_wconf 83' lang='lat' dir='ltr'>cen-</span> 
     </span>
     <span class='ocr_line' id='line_1_67' title="bbox 1338 2400 2381 2450; baseline -0.003 -11"><span class='ocrx_word' id='word_1_500' title='bbox 1338 2410 1443 2439; x_wconf 87' lang='lat' dir='ltr'>trum</span> <span class='ocrx_word' id='word_1_501' title='bbox 1462 2401 1624 2447; x_wconf 90' lang='lat' dir='ltr'>vorticis,</span> <span class='ocrx_word' id='word_1_502' title='bbox 1653 2401 1849 2450; x_wconf 87' lang='lat' dir='ltr'>ipsiusque</span> <span class='ocrx_word' id='word_1_503' title='bbox 1867 2401 2044 2445; x_wconf 86' lang='lat' dir='ltr'>densitas,</span> <span class='ocrx_word' id='word_1_504' title='bbox 2075 2400 2381 2437; x_wconf 86' lang='lat' dir='ltr'>decrescentibus</span> 
     </span>
     <span class='ocr_line' id='line_1_68' title="bbox 1339 2451 2378 2499; baseline -0.003 -7"><span class='ocrx_word' id='word_1_505' title='bbox 1339 2454 1528 2492; x_wconf 83' lang='lat' dir='ltr'>distantiis</span> <span class='ocrx_word' id='word_1_506' title='bbox 1546 2468 1568 2491; x_wconf 90' lang='lat' dir='ltr'>a</span> <span class='ocrx_word' id='word_1_507' title='bbox 1586 2462 1730 2499; x_wconf 90' lang='lat' dir='ltr'>centro,</span> <span class='ocrx_word' id='word_1_508' title='bbox 1750 2461 1902 2498; x_wconf 89' lang='lat' dir='ltr'>crescat,</span> <span class='ocrx_word' id='word_1_509' title='bbox 1924 2452 2084 2491; x_wconf 87' lang='lat' dir='ltr'>coelestis</span> <span class='ocrx_word' id='word_1_510' title='bbox 2102 2453 2271 2490; x_wconf 89' lang='lat' dir='ltr'>materiae</span> <span class='ocrx_word' id='word_1_511' title='bbox 2283 2451 2378 2489; x_wconf 92' lang='lat' dir='ltr'>den-</span> 
     </span>
     <span class='ocr_line' id='line_1_69' title="bbox 1339 2505 2378 2556; baseline -0.003 -11"><span class='ocrx_word' id='word_1_512' title='bbox 1339 2507 1442 2554; x_wconf 86' lang='lat' dir='ltr'>sitas,</span> <span class='ocrx_word' id='word_1_513' title='bbox 1472 2509 1522 2545; x_wconf 93' lang='lat' dir='ltr'>ob</span> <span class='ocrx_word' id='word_1_514' title='bbox 1539 2519 1695 2555; x_wconf 87' lang='lat' dir='ltr'>parvam</span> <span class='ocrx_word' id='word_1_515' title='bbox 1714 2507 1924 2545; x_wconf 88' lang='lat' dir='ltr'>orbitarum</span> <span class='ocrx_word' id='word_1_516' title='bbox 1941 2519 2036 2556; x_wconf 88' lang='lat' dir='ltr'>quas</span> <span class='ocrx_word' id='word_1_517' title='bbox 2055 2506 2216 2554; x_wconf 86' lang='lat' dir='ltr'>planetae</span> <span class='ocrx_word' id='word_1_518' title='bbox 2236 2505 2378 2542; x_wconf 89' lang='lat' dir='ltr'>descri-</span> 
     </span>
     <span class='ocr_line' id='line_1_70' title="bbox 1339 2558 2378 2610; baseline -0.002 -12"><span class='ocrx_word' id='word_1_519' title='bbox 1339 2562 1448 2606; x_wconf 89' lang='lat' dir='ltr'>bunt,</span> <span class='ocrx_word' id='word_1_520' title='bbox 1495 2560 1831 2606; x_wconf 82' lang='lat' dir='ltr'>excentricitatem,</span> <span class='ocrx_word' id='word_1_521' title='bbox 1879 2559 2035 2610; x_wconf 82' lang='lat' dir='ltr'>aequalis</span> <span class='ocrx_word' id='word_1_522' title='bbox 2070 2558 2214 2597; x_wconf 84' lang='lat' dir='ltr'>assumi</span> <span class='ocrx_word' id='word_1_523' title='bbox 2249 2565 2378 2607; x_wconf 82' lang='lat' dir='ltr'>potest</span> 
     </span>
     <span class='ocr_line' id='line_1_71' title="bbox 1339 2611 2377 2663; baseline -0.002 -12"><span class='ocrx_word' id='word_1_524' title='bbox 1339 2613 1518 2651; x_wconf 88' lang='lat' dir='ltr'>densitati</span> <span class='ocrx_word' id='word_1_525' title='bbox 1547 2613 1736 2663; x_wconf 89' lang='lat' dir='ltr'>cujusque</span> <span class='ocrx_word' id='word_1_526' title='bbox 1767 2613 1933 2661; x_wconf 87' lang='lat' dir='ltr'>planetae</span> <span class='ocrx_word' id='word_1_527' title='bbox 1959 2613 2052 2650; x_wconf 92' lang='lat' dir='ltr'>huic</span> <span class='ocrx_word' id='word_1_528' title='bbox 2078 2612 2248 2649; x_wconf 87' lang='lat' dir='ltr'>materiae</span> <span class='ocrx_word' id='word_1_529' title='bbox 2266 2611 2377 2649; x_wconf 91' lang='lat' dir='ltr'>inna-</span> 
     </span>
     <span class='ocr_line' id='line_1_72' title="bbox 1340 2663 2376 2716; baseline -0.003 -11"><span class='ocrx_word' id='word_1_530' title='bbox 1340 2666 1479 2713; x_wconf 83' lang='lat' dir='ltr'>tantis3</span> <span class='ocrx_word' id='word_1_531' title='bbox 1513 2673 1626 2716; x_wconf 89' lang='lat' dir='ltr'>atque</span> <span class='ocrx_word' id='word_1_532' title='bbox 1653 2664 1749 2704; x_wconf 75' lang='lat' dir='ltr'>adeo</span> <span class='ocrx_word' id='word_1_533' title='bbox 1767 2665 1935 2704; x_wconf 90' lang='lat' dir='ltr'>densitas</span> <span class='ocrx_word' id='word_1_534' title='bbox 1953 2665 2112 2702; x_wconf 87' lang='lat' dir='ltr'>coelestis</span> <span class='ocrx_word' id='word_1_535' title='bbox 2130 2663 2299 2702; x_wconf 85' lang='lat' dir='ltr'>materiae</span> <span class='ocrx_word' id='word_1_536' title='bbox 2327 2664 2376 2702; x_wconf 89' lang='lat' dir='ltr'>ad</span> 
     </span>
     <span class='ocr_line' id='line_1_73' title="bbox 1342 2717 2375 2769; baseline -0.004 -12"><span class='ocrx_word' id='word_1_537' title='bbox 1342 2719 1561 2757; x_wconf 83' lang='lat' dir='ltr'>distantiam</span> <span class='ocrx_word' id='word_1_538' title='bbox 1583 2719 1735 2757; x_wconf 90' lang='lat' dir='ltr'>Saturni</span> <span class='ocrx_word' id='word_1_539' title='bbox 1755 2718 1912 2769; x_wconf 82' lang='lat' dir='ltr'>aequalis</span> <span class='ocrx_word' id='word_1_540' title='bbox 1931 2719 2002 2756; x_wconf 88' lang='lat' dir='ltr'>erit</span> <span class='ocrx_word' id='word_1_541' title='bbox 2015 2717 2192 2756; x_wconf 86' lang='lat' dir='ltr'>densitati</span> <span class='ocrx_word' id='word_1_542' title='bbox 2209 2718 2375 2764; x_wconf 86' lang='lat' dir='ltr'>Saturni,</span> 
     </span>
     <span class='ocr_line' id='line_1_74' title="bbox 1341 2770 2377 2821; baseline -0.002 -11"><span class='ocrx_word' id='word_1_543' title='bbox 1341 2772 1392 2810; x_wconf 88' lang='lat' dir='ltr'>ad</span> <span class='ocrx_word' id='word_1_544' title='bbox 1423 2772 1640 2810; x_wconf 87' lang='lat' dir='ltr'>distantiam</span> <span class='ocrx_word' id='word_1_545' title='bbox 1666 2772 1694 2811; x_wconf 86' lang='lat' dir='ltr'><strong>J</strong></span> <span class='ocrx_word' id='word_1_546' title='bbox 1697 2771 1789 2818; x_wconf 90' lang='lat' dir='ltr'>ovis,</span> <span class='ocrx_word' id='word_1_547' title='bbox 1821 2772 1973 2819; x_wconf 86' lang='lat' dir='ltr'>Martis,</span> <span class='ocrx_word' id='word_1_548' title='bbox 2008 2772 2078 2809; x_wconf 84' lang='lat' dir='ltr'>&amp;c.</span> <span class='ocrx_word' id='word_1_549' title='bbox 2121 2770 2278 2821; x_wconf 82' lang='lat' dir='ltr'>aequalis</span> <span class='ocrx_word' id='word_1_550' title='bbox 2306 2771 2377 2808; x_wconf 85' lang='lat' dir='ltr'>erit</span> 
     </span>
    </p>
   </div>
   <div class='ocr_carea' id='block_1_7' title="bbox 1322 2823 2375 2874">
    <p class='ocr_par' dir='ltr' id='par_1_7' title="bbox 1322 2823 2375 2874">
     <span class='ocr_line' id='line_1_75' title="bbox 1322 2823 2375 2874; baseline -0.003 -11"><span class='ocrx_word' id='word_1_551' title='bbox 1322 2824 1325 2825; x_wconf 43' lang='lat'><em>⁷</em></span> <span class='ocrx_word' id='word_1_552' title='bbox 1341 2826 1520 2864; x_wconf 89' lang='lat' dir='ltr'>densitati</span> <span class='ocrx_word' id='word_1_553' title='bbox 1539 2827 1676 2862; x_wconf 89' lang='lat' dir='ltr'>horum</span> <span class='ocrx_word' id='word_1_554' title='bbox 1696 2824 1949 2874; x_wconf 89' lang='lat' dir='ltr'>planetarum,</span> <span class='ocrx_word' id='word_1_555' title='bbox 1978 2832 2017 2863; x_wconf 90' lang='lat' dir='ltr'>et</span> <span class='ocrx_word' id='word_1_556' title='bbox 2034 2836 2167 2862; x_wconf 91' lang='lat' dir='ltr'>omnes</span> <span class='ocrx_word' id='word_1_557' title='bbox 2185 2823 2263 2861; x_wconf 88' lang='lat' dir='ltr'>illae</span> <span class='ocrx_word' id='word_1_558' title='bbox 2281 2823 2375 2861; x_wconf 89' lang='lat' dir='ltr'>den-</span> 
     </span>
    </p>
   </div>
   <div class='ocr_carea' id='block_1_8' title="bbox 1339 2876 2378 3888">
    <p class='ocr_par' dir='ltr' id='par_1_8' title="bbox 1339 2876 2377 3567">
     <span class='ocr_line' id='line_1_76' title="bbox 1341 2876 2376 2926; baseline -0.003 -10"><span class='ocrx_word' id='word_1_559' title='bbox 1341 2879 1469 2917; x_wconf 87' lang='lat' dir='ltr'>sitates</span> <span class='ocrx_word' id='word_1_560' title='bbox 1505 2885 1617 2916; x_wconf 89' lang='lat' dir='ltr'>erunt</span> <span class='ocrx_word' id='word_1_561' title='bbox 1647 2878 1747 2917; x_wconf 91' lang='lat' dir='ltr'>inter</span> <span class='ocrx_word' id='word_1_562' title='bbox 1778 2891 1818 2916; x_wconf 90' lang='lat' dir='ltr'>se</span> <span class='ocrx_word' id='word_1_563' title='bbox 1848 2878 1891 2916; x_wconf 89' lang='lat' dir='ltr'>in</span> <span class='ocrx_word' id='word_1_564' title='bbox 1925 2878 2073 2917; x_wconf 88' lang='lat' dir='ltr'>ratione</span> <span class='ocrx_word' id='word_1_565' title='bbox 2109 2876 2376 2926; x_wconf 69' lang='lat' dir='ltr'>subduplicata</span> 
     </span>
     <span class='ocr_line' id='line_1_77' title="bbox 1339 2929 2376 2981; baseline -0.004 -11"><span class='ocrx_word' id='word_1_566' title='bbox 1339 2931 1607 2971; x_wconf 88' lang='lat' dir='ltr'>distantiarum</span> <span class='ocrx_word' id='word_1_567' title='bbox 1619 2946 1642 2969; x_wconf 82' lang='lat' dir='ltr'>a</span> <span class='ocrx_word' id='word_1_568' title='bbox 1659 2932 1747 2970; x_wconf 91' lang='lat' dir='ltr'>Sole</span> <span class='ocrx_word' id='word_1_569' title='bbox 1761 2931 1962 2981; x_wconf 67' lang='lat' dir='ltr'>reciproce.</span> <span class='ocrx_word' id='word_1_570' title='bbox 2012 2931 2052 2969; x_wconf 88' lang='lat' dir='ltr'>Si</span> <span class='ocrx_word' id='word_1_571' title='bbox 2065 2931 2191 2980; x_wconf 89' lang='lat' dir='ltr'>itaque</span> <span class='ocrx_word' id='word_1_572' title='bbox 2208 2929 2376 2967; x_wconf 86' lang='lat' dir='ltr'>Telluris</span> 
     </span>
     <span class='ocr_line' id='line_1_78' title="bbox 1339 2982 2375 3035; baseline -0.005 -11"><span class='ocrx_word' id='word_1_573' title='bbox 1339 2985 1505 3024; x_wconf 88' lang='lat' dir='ltr'>densitas</span> <span class='ocrx_word' id='word_1_574' title='bbox 1532 2985 1735 3023; x_wconf 89' lang='lat' dir='ltr'>mediocris</span> <span class='ocrx_word' id='word_1_575' title='bbox 1760 2992 1998 3034; x_wconf 88' lang='lat' dir='ltr'>supponatur</span> <span class='ocrx_word' id='word_1_576' title='bbox 2025 2984 2181 3035; x_wconf 85' lang='lat' dir='ltr'>aequalis</span> <span class='ocrx_word' id='word_1_577' title='bbox 2198 2982 2375 3020; x_wconf 81' lang='lat' dir='ltr'>densitati</span> 
     </span>
     <span class='ocr_line' id='line_1_79' title="bbox 1339 3036 2375 3089; baseline -0.004 -13"><span class='ocrx_word' id='word_1_578' title='bbox 1339 3051 1461 3089; x_wconf 82' lang='lat' dir='ltr'>aquae,</span> <span class='ocrx_word' id='word_1_579' title='bbox 1494 3038 1652 3076; x_wconf 88' lang='lat' dir='ltr'>materia</span> <span class='ocrx_word' id='word_1_580' title='bbox 1669 3038 1830 3077; x_wconf 85' lang='lat' dir='ltr'>coelestis</span> <span class='ocrx_word' id='word_1_581' title='bbox 1846 3038 1947 3077; x_wconf 90' lang='lat' dir='ltr'>inter</span> <span class='ocrx_word' id='word_1_582' title='bbox 1969 3037 2098 3076; x_wconf 89' lang='lat' dir='ltr'>Solem</span> <span class='ocrx_word' id='word_1_583' title='bbox 2116 3044 2155 3074; x_wconf 92' lang='lat' dir='ltr'>et</span> <span class='ocrx_word' id='word_1_584' title='bbox 2175 3036 2375 3075; x_wconf 90' lang='lat' dir='ltr'>Tellurem</span> 
     </span>
     <span class='ocr_line' id='line_1_80' title="bbox 1341 3088 2374 3142; baseline -0.005 -12"><span class='ocrx_word' id='word_1_585' title='bbox 1341 3093 1548 3130; x_wconf 87' lang='lat' dir='ltr'>constituta</span> <span class='ocrx_word' id='word_1_586' title='bbox 1576 3090 1676 3142; x_wconf 72' lang='lat' dir='ltr'>aqua</span> <span class='ocrx_word' id='word_1_587' title='bbox 1702 3091 1855 3130; x_wconf 88' lang='lat' dir='ltr'>densior</span> <span class='ocrx_word' id='word_1_588' title='bbox 1881 3091 1952 3130; x_wconf 86' lang='lat' dir='ltr'>erit</span> <span class='ocrx_word' id='word_1_589' title='bbox 1969 3098 2008 3130; x_wconf 90' lang='lat' dir='ltr'>et</span> <span class='ocrx_word' id='word_1_590' title='bbox 2025 3102 2228 3139; x_wconf 89' lang='lat' dir='ltr'>corporum</span> <span class='ocrx_word' id='word_1_591' title='bbox 2252 3088 2374 3126; x_wconf 88' lang='lat' dir='ltr'>motui</span> 
     </span>
     <span class='ocr_line' id='line_1_81' title="bbox 1341 3141 2374 3183; baseline -0.004 -1"><span class='ocrx_word' id='word_1_592' title='bbox 1341 3144 1510 3183; x_wconf 76' lang='lat' dir='ltr'>maxime</span> <span class='ocrx_word' id='word_1_593' title='bbox 1535 3145 1693 3183; x_wconf 87' lang='lat' dir='ltr'>resistet.</span> <span class='ocrx_word' id='word_1_594' title='bbox 1756 3145 1831 3183; x_wconf 90' lang='lat' dir='ltr'>Sed</span> <span class='ocrx_word' id='word_1_595' title='bbox 1857 3153 1902 3183; x_wconf 85' lang='lat' dir='ltr'>ut</span> <span class='ocrx_word' id='word_1_596' title='bbox 1929 3157 1976 3183; x_wconf 86' lang='lat' dir='ltr'>ex</span> <span class='ocrx_word' id='word_1_597' title='bbox 2003 3151 2240 3181; x_wconf 84' lang='lat' dir='ltr'>cometarum</span> <span class='ocrx_word' id='word_1_598' title='bbox 2259 3141 2374 3179; x_wconf 91' lang='lat' dir='ltr'>moti-</span> 
     </span>
     <span class='ocr_line' id='line_1_82' title="bbox 1341 3194 2376 3248; baseline -0.004 -11"><span class='ocrx_word' id='word_1_599' title='bbox 1341 3200 1427 3244; x_wconf 89' lang='lat' dir='ltr'>bus,</span> <span class='ocrx_word' id='word_1_600' title='bbox 1465 3197 1624 3248; x_wconf 86' lang='lat' dir='ltr'>aliisque</span> <span class='ocrx_word' id='word_1_601' title='bbox 1660 3197 1986 3236; x_wconf 89' lang='lat' dir='ltr'>observationibus</span> <span class='ocrx_word' id='word_1_602' title='bbox 2021 3203 2180 3242; x_wconf 86' lang='lat' dir='ltr'>constat,</span> <span class='ocrx_word' id='word_1_603' title='bbox 2216 3194 2376 3233; x_wconf 83' lang='lat' dir='ltr'>materia</span> 
     </span>
     <span class='ocr_line' id='line_1_83' title="bbox 1341 3249 2376 3297; baseline -0.005 -8"><span class='ocrx_word' id='word_1_604' title='bbox 1341 3251 1503 3290; x_wconf 85' lang='lat' dir='ltr'>coelestis</span> <span class='ocrx_word' id='word_1_605' title='bbox 1515 3251 1613 3289; x_wconf 90' lang='lat' dir='ltr'>inter</span> <span class='ocrx_word' id='word_1_606' title='bbox 1631 3251 1758 3289; x_wconf 89' lang='lat' dir='ltr'>Solem</span> <span class='ocrx_word' id='word_1_607' title='bbox 1774 3258 1813 3289; x_wconf 88' lang='lat' dir='ltr'>et</span> <span class='ocrx_word' id='word_1_608' title='bbox 1825 3250 2024 3289; x_wconf 87' lang='lat' dir='ltr'>Tellurem</span> <span class='ocrx_word' id='word_1_609' title='bbox 2038 3249 2161 3287; x_wconf 86' lang='lat' dir='ltr'>motui</span> <span class='ocrx_word' id='word_1_610' title='bbox 2172 3260 2376 3297; x_wconf 87' lang='lat' dir='ltr'>corporum</span> 
     </span>
     <span class='ocr_line' id='line_1_84' title="bbox 1341 3303 2377 3343; baseline -0.005 -1"><span class='ocrx_word' id='word_1_611' title='bbox 1341 3303 1503 3343; x_wconf 77' lang='lat' dir='ltr'>minime</span> <span class='ocrx_word' id='word_1_612' title='bbox 1520 3304 1671 3343; x_wconf 87' lang='lat' dir='ltr'>resistit.</span> <span class='ocrx_word' id='word_1_613' title='bbox 1733 3304 1838 3342; x_wconf 86' lang='lat' dir='ltr'>Nam</span> <span class='ocrx_word' id='word_1_614' title='bbox 1866 3312 2100 3342; x_wconf 85' lang='lat' dir='ltr'>cometarum</span> <span class='ocrx_word' id='word_1_615' title='bbox 2128 3309 2259 3340; x_wconf 89' lang='lat' dir='ltr'>motus</span> <span class='ocrx_word' id='word_1_616' title='bbox 2285 3307 2377 3338; x_wconf 89' lang='lat' dir='ltr'>sunt</span> 
     </span>
     <span class='ocr_line' id='line_1_85' title="bbox 1343 3354 2376 3410; baseline -0.005 -15"><span class='ocrx_word' id='word_1_617' title='bbox 1343 3357 1494 3396; x_wconf 73' lang='lat' dir='ltr'>summe</span> <span class='ocrx_word' id='word_1_618' title='bbox 1512 3357 1718 3409; x_wconf 81' lang='lat' dir='ltr'>regulareS,</span> <span class='ocrx_word' id='word_1_619' title='bbox 1747 3365 1786 3395; x_wconf 90' lang='lat' dir='ltr'>et</span> <span class='ocrx_word' id='word_1_620' title='bbox 1803 3358 1956 3396; x_wconf 89' lang='lat' dir='ltr'>easdem</span> <span class='ocrx_word' id='word_1_621' title='bbox 1974 3356 2079 3407; x_wconf 83' lang='lat' dir='ltr'>leges</span> <span class='ocrx_word' id='word_1_622' title='bbox 2096 3367 2185 3393; x_wconf 89' lang='lat' dir='ltr'>cum</span> <span class='ocrx_word' id='word_1_623' title='bbox 2201 3354 2376 3410; x_wconf 83' lang='lat' dir='ltr'>planeta-</span> 
     </span>
     <span class='ocr_line' id='line_1_86' title="bbox 1343 3407 2376 3457; baseline -0.005 -9"><span class='ocrx_word' id='word_1_624' title='bbox 1343 3423 1431 3448; x_wconf 90' lang='lat' dir='ltr'>rum</span> <span class='ocrx_word' id='word_1_625' title='bbox 1448 3412 1617 3449; x_wconf 85' lang='lat' dir='ltr'>motibus</span> <span class='ocrx_word' id='word_1_626' title='bbox 1634 3412 1844 3455; x_wconf 90' lang='lat' dir='ltr'>observant,</span> <span class='ocrx_word' id='word_1_627' title='bbox 1866 3419 1905 3449; x_wconf 86' lang='lat' dir='ltr'>et</span> <span class='ocrx_word' id='word_1_628' title='bbox 1922 3410 1962 3447; x_wconf 90' lang='lat' dir='ltr'>in</span> <span class='ocrx_word' id='word_1_629' title='bbox 1980 3421 2114 3448; x_wconf 86' lang='lat' dir='ltr'>omnes</span> <span class='ocrx_word' id='word_1_630' title='bbox 2132 3407 2215 3445; x_wconf 87' lang='lat' dir='ltr'>coeli</span> <span class='ocrx_word' id='word_1_631' title='bbox 2242 3407 2376 3457; x_wconf 85' lang='lat' dir='ltr'>plagas</span> 
     </span>
     <span class='ocr_line' id='line_1_87' title="bbox 1344 3458 2377 3514; baseline -0.005 -12"><span class='ocrx_word' id='word_1_632' title='bbox 1344 3464 1535 3503; x_wconf 88' lang='lat' dir='ltr'>liberrime</span> <span class='ocrx_word' id='word_1_633' title='bbox 1562 3463 1751 3510; x_wconf 82' lang='lat' dir='ltr'>feruntur,</span> <span class='ocrx_word' id='word_1_634' title='bbox 1781 3469 1894 3514; x_wconf 88' lang='lat' dir='ltr'>atque</span> <span class='ocrx_word' id='word_1_635' title='bbox 1921 3462 1971 3502; x_wconf 86' lang='lat' dir='ltr'>ad</span> <span class='ocrx_word' id='word_1_636' title='bbox 2001 3461 2131 3501; x_wconf 90' lang='lat' dir='ltr'>Solem</span> <span class='ocrx_word' id='word_1_637' title='bbox 2159 3473 2279 3512; x_wconf 87' lang='lat' dir='ltr'>usque</span> <span class='ocrx_word' id='word_1_638' title='bbox 2297 3458 2377 3497; x_wconf 71' lang='lat' dir='ltr'>fere</span> 
     </span>
     <span class='ocr_line' id='line_1_88' title="bbox 1345 3516 1885 3567; baseline -0.002 -12"><span class='ocrx_word' id='word_1_639' title='bbox 1345 3524 1546 3567; x_wconf 88' lang='lat' dir='ltr'>penetrant</span> <span class='ocrx_word' id='word_1_640' title='bbox 1564 3517 1646 3555; x_wconf 91' lang='lat' dir='ltr'>sine</span> <span class='ocrx_word' id='word_1_641' title='bbox 1664 3516 1885 3554; x_wconf 68' lang='lat' dir='ltr'>resistentia.</span> 
     </span>
    </p>

    <p class='ocr_par' dir='ltr' id='par_1_9' title="bbox 1344 3564 2378 3888">
     <span class='ocr_line' id='line_1_89' title="bbox 1402 3564 2378 3622; baseline -0.011 -10"><span class='ocrx_word' id='word_1_642' title='bbox 1402 3570 1459 3622; x_wconf 81' lang='lat'>(¹¹)</span> <span class='ocrx_word' id='word_1_643' title='bbox 1483 3573 1503 3595; x_wconf 70' lang='lat'>³*</span> <span class='ocrx_word' id='word_1_644' title='bbox 1525 3573 1617 3611; x_wconf 84' lang='lat' dir='ltr'>Jam</span> <span class='ocrx_word' id='word_1_645' title='bbox 1634 3571 1754 3620; x_wconf 80' lang='lat' dir='ltr'>magis</span> <span class='ocrx_word' id='word_1_646' title='bbox 1773 3572 1982 3609; x_wconf 80' lang='lat' dir='ltr'>conabitur.</span> <span class='ocrx_word' id='word_1_647' title='bbox 2041 3568 2145 3606; x_wconf 82' lang='lat' dir='ltr'>Nam</span> <span class='ocrx_word' id='word_1_648' title='bbox 2165 3567 2219 3604; x_wconf 90' lang='lat' dir='ltr'>vis</span> <span class='ocrx_word' id='word_1_649' title='bbox 2238 3564 2378 3604; x_wconf 87' lang='lat' dir='ltr'>centri-</span> 
     </span>
     <span class='ocr_line' id='line_1_90' title="bbox 1344 3618 2377 3675; baseline -0.006 -14"><span class='ocrx_word' id='word_1_650' title='bbox 1344 3622 1439 3675; x_wconf 82' lang='lat' dir='ltr'>fuga</span> <span class='ocrx_word' id='word_1_651' title='bbox 1456 3624 1608 3668; x_wconf 84' lang='lat' dir='ltr'>motrix‚</span> <span class='ocrx_word' id='word_1_652' title='bbox 1630 3623 1774 3661; x_wconf 87' lang='lat' dir='ltr'>caeteris</span> <span class='ocrx_word' id='word_1_653' title='bbox 1791 3624 1959 3671; x_wconf 87' lang='lat' dir='ltr'>paribus,</span> <span class='ocrx_word' id='word_1_654' title='bbox 1979 3629 2143 3672; x_wconf 87' lang='lat' dir='ltr'>augetur</span> <span class='ocrx_word' id='word_1_655' title='bbox 2161 3619 2218 3657; x_wconf 90' lang='lat' dir='ltr'>vel</span> <span class='ocrx_word' id='word_1_656' title='bbox 2233 3618 2377 3656; x_wconf 90' lang='lat' dir='ltr'>minui-</span> 
     </span>
     <span class='ocr_line' id='line_1_91' title="bbox 1346 3672 2372 3725; baseline -0.006 -11"><span class='ocrx_word' id='word_1_657' title='bbox 1346 3677 1468 3714; x_wconf 89' lang='lat' dir='ltr'>turin</span> <span class='ocrx_word' id='word_1_658' title='bbox 1487 3677 1633 3714; x_wconf 88' lang='lat' dir='ltr'>ratione</span> <span class='ocrx_word' id='word_1_659' title='bbox 1660 3676 1881 3725; x_wconf 88' lang='lat' dir='ltr'>quantitatis</span> <span class='ocrx_word' id='word_1_660' title='bbox 1906 3677 2075 3713; x_wconf 85' lang='lat' dir='ltr'>materiae</span> <span class='ocrx_word' id='word_1_661' title='bbox 2106 3676 2190 3725; x_wconf 87' lang='lat' dir='ltr'>(per</span> <span class='ocrx_word' id='word_1_662' title='bbox 2220 3672 2311 3710; x_wconf 87' lang='lat' dir='ltr'>Def.</span> <span class='ocrx_word' id='word_1_663' title='bbox 2337 3676 2372 3708; x_wconf 90' lang='lat'>8.</span> 
     </span>
     <span class='ocr_line' id='line_1_92' title="bbox 1351 3727 2377 3780; baseline -0.005 -13"><span class='ocrx_word' id='word_1_664' title='bbox 1351 3730 1436 3768; x_wconf 91' lang='lat' dir='ltr'>Lib.</span> <span class='ocrx_word' id='word_1_665' title='bbox 1461 3729 1517 3779; x_wconf 90' lang='lat'>1.)</span> <span class='ocrx_word' id='word_1_666' title='bbox 1538 3737 1575 3768; x_wconf 91' lang='lat' dir='ltr'>et</span> <span class='ocrx_word' id='word_1_667' title='bbox 1592 3729 1760 3767; x_wconf 81' lang='lat' dir='ltr'>materiae</span> <span class='ocrx_word' id='word_1_668' title='bbox 1779 3728 1982 3780; x_wconf 79' lang='lat' dir='ltr'>quantitaS,</span> <span class='ocrx_word' id='word_1_669' title='bbox 2012 3727 2101 3764; x_wconf 88' lang='lat' dir='ltr'>dato</span> <span class='ocrx_word' id='word_1_670' title='bbox 2127 3727 2293 3775; x_wconf 86' lang='lat' dir='ltr'>corporis</span> <span class='ocrx_word' id='word_1_671' title='bbox 2311 3737 2377 3762; x_wconf 91' lang='lat' dir='ltr'>vo·-</span> 
     </span>
     <span class='ocr_line' id='line_1_93' title="bbox 1350 3776 2375 3832; baseline -0.007 -11"><span class='ocrx_word' id='word_1_672' title='bbox 1350 3782 1509 3830; x_wconf 87' lang='lat' dir='ltr'>lumine,</span> <span class='ocrx_word' id='word_1_673' title='bbox 1540 3790 1704 3832; x_wconf 85' lang='lat' dir='ltr'>augetur</span> <span class='ocrx_word' id='word_1_674' title='bbox 1720 3783 1781 3822; x_wconf 89' lang='lat' dir='ltr'>vel</span> <span class='ocrx_word' id='word_1_675' title='bbox 1798 3781 1986 3822; x_wconf 87' lang='lat' dir='ltr'>minuitur</span> <span class='ocrx_word' id='word_1_676' title='bbox 2011 3780 2053 3818; x_wconf 90' lang='lat' dir='ltr'>in</span> <span class='ocrx_word' id='word_1_677' title='bbox 2079 3779 2226 3818; x_wconf 88' lang='lat' dir='ltr'>ratione</span> <span class='ocrx_word' id='word_1_678' title='bbox 2252 3776 2375 3816; x_wconf 89' lang='lat' dir='ltr'>densi-</span> 
     </span>
     <span class='ocr_line' id='line_1_94' title="bbox 1349 3835 1705 3888; baseline -0.003 -13"><span class='ocrx_word' id='word_1_679' title='bbox 1349 3835 1437 3875; x_wconf 85' lang='lat' dir='ltr'>tatis</span> <span class='ocrx_word' id='word_1_680' title='bbox 1458 3838 1512 3888; x_wconf 81' lang='lat'>(2.</span> <span class='ocrx_word' id='word_1_681' title='bbox 1532 3835 1618 3877; x_wconf 86' lang='lat' dir='ltr'>Lib.</span> <span class='ocrx_word' id='word_1_682' title='bbox 1646 3835 1705 3886; x_wconf 90' lang='grc' dir='ltr'>Ι.)</span> 
     </span>
    </p>
   </div>
  </div>
 </body>
</html>
