2502 4192
295 276 397 341 276

296 427 491 479 quoddam
523 436 676 479 tempus
707 430 861 468 finitum
891 431 1105 481 requiretur
1132 439 1176 469 ut
1203 432 1337 470 eadem

296 481 476 519 velocitas
495 483 535 519 in
554 484 729 532 proximo
748 492 890 531 puncto
902 485 1099 529 excitetur,
1121 486 1238 533 paulo
1252 486 1334 523 lon-

296 535 385 584 gius
403 543 556 584 tempus
574 544 617 574 ut
635 537 675 573 in
694 538 804 574 tertio
818 536 1063 585 producatur,
1085 537 1213 586 sicque
1227 538 1335 576 dein-

298 600 397 636 ceps
430 601 519 625 nam
539 601 606 636 per
628 589 716 627 Cor.
744 593 775 626 1.
804 589 935 627 nullus
963 597 1091 627 motus
1118 603 1165 627 ex
1190 600 1335 639 puncto

299 641 417 678 medii
437 641 578 678 clastici
598 643 638 677 in
659 649 847 690 punctum
867 643 1088 690 proximum
1109 644 1335 681 transfertur

300 694 371 730 nisi
392 696 519 743 elapso
538 694 647 731 finito
674 703 856 742 tempore,
892 696 1072 732 velocitas
1100 709 1192 746 ergo
1220 697 1335 745 primi

300 748 430 793 puncti
451 747 499 784 ad
518 746 732 784 secundum
748 760 824 783 non
840 748 972 785 transit
992 748 1063 784 nisi
1083 758 1169 797 post
1181 749 1334 786 finitum

298 806 450 847 tempus
468 802 515 836 ab
535 800 643 837 initio
662 806 790 837 motus
807 801 920 849 primi
939 802 1075 849 puncti
1102 810 1140 839 et
1158 802 1337 840 velocitas

299 852 457 889 secundi
484 853 619 900 puncti
646 852 695 890 ad
722 854 878 890 tertium
897 866 976 891 non
995 855 1131 893 transit
1149 855 1223 891 nisi
1250 864 1337 903 post

298 903 453 943 finitum
491 913 643 954 tempus
674 908 721 943 ab
753 906 864 943 initio
901 907 1028 945 motus
1061 907 1219 946 secundi
1250 910 1333 960 ejus

494 1011 532 1047 A
617 1012 653 1049 B
740 1012 772 1050 C
856 1013 897 1050 D
980 1013 1032 1057 E,
1072 1015 1140 1052 &c-

296 1116 444 1165 puncti.
507 1117 679 1155 Breviori
701 1125 826 1155 nutem
854 1125 1025 1167 tempore
1044 1121 1199 1158 excitari
1219 1121 1330 1160 debet

295 1170 384 1207 data
412 1169 591 1207 velocitas
619 1170 658 1207 in
686 1171 856 1209 secundo
874 1183 1018 1220 puncto
1045 1187 1113 1221 per
1140 1175 1329 1213 actionem

295 1222 556 1261 continuatam
575 1226 623 1261 ab
641 1223 751 1261 initio
769 1224 897 1262 motus
915 1225 1027 1273 primi
1047 1229 1191 1274 puncti,
1212 1228 1328 1278 quam

293 1274 335 1312 in
353 1276 464 1313 tertio
483 1289 548 1323 per
567 1276 756 1314 actionem
770 1279 1031 1316 continuatam
1051 1281 1099 1316 ab
1118 1280 1226 1318 initio
1245 1294 1330 1319 mo-

295 1327 356 1366 tus
384 1328 516 1377 puncti
544 1330 722 1367 secundi:
756 1328 848 1368 cum
875 1332 980 1368 enim
1008 1332 1187 1370 velocitas
1213 1334 1329 1382 primi

292 1382 425 1429 puncti
451 1383 498 1419 sit
525 1382 633 1419 finita
650 1391 688 1420 et
706 1383 913 1432 aequabilis,
943 1387 1171 1433 compressio
1190 1386 1328 1425 exinde

292 1441 375 1471 orta
392 1437 439 1472 ab
458 1434 567 1472 initio
593 1436 676 1486 ejus
702 1436 831 1473 motus
855 1444 911 1475 est
929 1439 1051 1488 major
1077 1438 1195 1488 quam
1222 1453 1327 1478 com-

292 1488 435 1536 pressio
462 1501 548 1538 quae
567 1502 634 1537 per
650 1498 801 1526 motum
821 1490 979 1527 secundi
998 1492 1132 1540 puncti
1151 1495 1198 1530 ab
1217 1493 1326 1531 initio

292 1540 376 1590 ejus
393 1550 521 1578 motus
548 1543 767 1591 acquiritur,
801 1542 990 1593 siquidem
1018 1544 1067 1581 ad
1093 1545 1325 1584 celeritatem

293 1593 406 1641 primi
434 1595 568 1643 puncti
596 1596 748 1632 nonnisi
775 1609 843 1644 per
860 1596 1004 1647 gradus
1022 1599 1204 1646 pervenit,
1234 1613 1325 1650 ergo

292 1646 348 1683 vis
379 1647 516 1684 motrix
550 1660 637 1697 quoe
665 1657 778 1698 urget
808 1650 1021 1686 secundum
1058 1659 1247 1698 punctum
1276 1655 1324 1691 ab

291 1698 412 1745 initio,
442 1700 574 1737 fortior
600 1709 657 1739 est
683 1714 798 1750 quam
818 1715 862 1738 ea
880 1715 955 1751 qua
983 1712 1143 1753 urgetur
1168 1706 1325 1743 tertium

291 1761 482 1800 punctum
500 1755 547 1790 ab
566 1753 687 1799 initio,
708 1767 800 1804 crgo
814 1756 969 1792 tertium
989 1764 1176 1804 punctum
1195 1758 1323 1796 datam

293 1805 400 1842 illam
420 1805 651 1843 celeritatem
681 1807 827 1844 tardius
844 1808 1027 1857 acquiret,
1057 1817 1095 1847 et
1113 1810 1192 1858 pari
1212 1812 1325 1849 ratio-

293 1858 404 1901 cinio,
434 1871 524 1896 cum
545 1859 599 1896 vis
617 1859 755 1897 motrix
776 1860 934 1897 secundi
959 1862 1093 1909 puncti
1117 1866 1188 1901 sub
1216 1864 1327 1902 initio

291 1910 427 1949 fortior
445 1912 492 1949 sit
510 1925 627 1961 quam
646 1913 700 1949 vis
718 1913 855 1950 motr1x
876 1913 989 1960 tertii,
1019 1913 1249 1963 compressio
1266 1918 1325 1954 in-

291 1971 349 2001 ter
366 1964 578 2003 secundum
599 1973 637 2003 et
655 1966 810 2003 tertium
830 1974 1018 2015 punctum
1037 1969 1159 2019 major
1173 1971 1244 2007 erit
1255 1972 1326 2008 sub

290 2016 401 2054 initio
418 2017 534 2067 quam
553 2018 652 2055 inter
671 2019 827 2056 tertium
846 2027 884 2056 et
902 2029 1107 2069 quartum3
1137 2023 1242 2060 unde
1269 2024 1326 2060 vis

290 2071 428 2107 motrix
448 2084 535 2121 quae
556 2079 667 2121 urget
695 2072 848 2109 tertium
877 2081 1066 2120 punctum
1099 2077 1170 2113 sub
1198 2075 1322 2121 initio,

291 2123 424 2161 fortior
443 2132 499 2161 est
517 2124 631 2173 quam
652 2138 697 2162 ea
715 2125 791 2174 qua
819 2134 977 2175 urgetur
1003 2135 1182 2177 quartum
1203 2142 1324 2177 punc-

290 2183 399 2223 tum;
429 2189 520 2227 ergo
539 2176 629 2214 cum
648 2186 837 2226 punctum
857 2192 1017 2229 sequens
1036 2180 1241 2230 aliqualem
1261 2195 1323 2220 ve-

291 2228 483 2267 locitatem
521 2230 711 2278 suscipere
749 2243 827 2267 non
862 2234 980 2280 possit
1015 2234 1087 2270 nisi
1123 2242 1323 2285 postquam

290 2291 479 2329 punctum
494 2283 712 2331 praecedens
723 2284 888 2332 spatium
903 2284 1057 2323 finitum
1073 2286 1321 2336 descripserit,

290 2342 328 2372 et
346 2334 510 2385 longiori
538 2343 706 2384 ternpore
724 2339 772 2375 ab
791 2337 901 2375 initio
919 2338 1047 2375 motus
1073 2342 1237 2389 suscepti
1256 2341 1324 2379 da-

290 2394 369 2424 tam
388 2389 626 2426 velocitatem
646 2390 762 2437 possit
780 2391 980 2438 suscipere,
1010 2392 1131 2442 liquet
1149 2394 1253 2443 quod
1280 2408 1325 2433 ea

292 2440 381 2478 data
408 2441 587 2478 velocitas
619 2443 773 2480 nonnisi
800 2444 1009 2482 successive
1036 2445 1086 2483 ad
1113 2448 1324 2485 successiva

292 2494 409 2531 medii
430 2494 573 2532 elastici
594 2504 737 2543 puncta
755 2497 950 2547 pertingit.'

343 2551 379 2583 8.
404 2550 520 2587 Sclzol.
557 2549 665 2586 Hinc
684 2558 787 2597 patet
813 2549 1018 2587 discrimen
1046 2551 1144 2589 inter
1170 2560 1321 2590 motum

288 2599 328 2636 in
348 2600 475 2638 medio
503 2600 656 2639 elastico
683 2603 891 2640 excitatum
911 2610 948 2640 et
966 2612 1116 2642 motum
1136 2605 1201 2654 qui
1222 2607 1325 2643 exci-

287 2659 390 2690 tatur
408 2653 447 2690 in
469 2654 598 2691 medio
613 2667 690 2691 non
705 2655 860 2693 elastico
872 2656 983 2706 cujus
993 2666 1117 2705 partes
1132 2659 1325 2709 contiguae

286 2713 388 2752 sunt,
417 2706 457 2743 in
476 2707 544 2744 tali
562 2707 663 2745 enim
684 2708 824 2754 medio,
854 2710 997 2757 pressio
1025 2711 1178 2749 cuidam
1205 2713 1321 2761 parti-

286 2759 385 2796 culae
404 2760 593 2808 applicata
611 2761 660 2798 ad
679 2774 813 2799 omnes
832 2770 956 2809 partes
975 2763 1016 2799 in
1041 2764 1232 2803 directum
1251 2778 1319 2814 po-

286 2811 387 2856 sitas,
420 2822 489 2850 aut
506 2812 766 2860 divaricantes,
796 2823 941 2863 puncto
960 2818 1141 2864 temporis
1168 2818 1322 2856 extendi

284 2864 396 2902 debet
408 2880 420 2912 3
458 2874 587 2903 motus
619 2880 708 2904 vero
744 2868 900 2905 instanti
936 2869 977 2905 in
1014 2870 1203 2908 circulum
1230 2885 1319 2921 pro-

287 2919 418 2968 pagari
451 2918 588 2965 debet;
622 2928 662 2957 at
688 2919 729 2957 in
756 2921 885 2958 medio
903 2921 1069 2968 elastico,
1101 2925 1244 2972 pressio
1271 2928 1319 2963 ab

285 2982 364 3008 uno
382 2979 526 3020 puncto
545 2972 594 3009 ad
612 2972 776 3010 alterurn
795 2987 874 3010 non
893 2974 1141 3013 continuatur
1159 2978 1232 3014 nisi
1252 2991 1319 3027 per

282 3035 475 3062 accessum
494 3033 726 3074 punctorum
746 3027 873 3071 medii,
896 3028 973 3065 sive
988 3041 1055 3078 per
1072 3030 1213 3067 realem
1233 3044 1316 3068 mo-

285 3083 383 3122 tum,
412 3078 480 3127 qui
498 3086 714 3116 anti-orsum
734 3089 977 3130 propagetur,
1007 3089 1045 3119 et
1061 3090 1148 3130 post
1165 3090 1318 3133 tempus

284 3127 435 3166 finitum
448 3143 471 3167 a
485 3139 629 3179 puncto
644 3133 814 3181 primum
831 3142 938 3171 moto
951 3133 1000 3171 ad
1014 3135 1179 3186 reliquas
1193 3145 1317 3186 partes

281 3179 390 3219 fluidi
408 3183 617 3222 successive
635 3185 839 3235 perveniat.

622 3343 977 3385 PROBLEMA.

336 3451 372 3486 9.
408 3446 450 3484 Si
471 3455 661 3494 punctum
690 3451 807 3489 medii
826 3451 969 3492 elastici
990 3453 1097 3492 finita
1115 3454 1314 3493 velocitate

277 3508 478 3537 moveatur
495 3513 582 3550 quae
601 3511 778 3541 constans
795 3514 961 3552 maneat,
982 3506 1144 3545 definire
1162 3516 1313 3545 motum

276 3561 509 3600 punctorum
525 3554 767 3603 sequentium
787 3558 828 3595 in
847 3557 948 3596 linea
968 3568 1068 3598 recta
1086 3561 1311 3609 positorum,

276 3606 424 3641 omissis
441 3605 526 3643 aliis
545 3607 728 3655 sphaerice
747 3609 1044 3661 circumquaque
1058 3614 1201 3661 positis.

329 3661 488 3698 Primus
511 3662 638 3698 Casus.
674 3660 759 3697 Sint
777 3663 911 3700 ordine
939 3673 1083 3713 puncta
1115 3668 1164 3707 A.
1190 3666 1236 3709 Β,
1263 3667 1307 3711 C,

276 3709 332 3755 D,
353 3711 421 3748 &c.
456 3711 625 3762 fingatur
643 3725 688 3749 ea
706 3715 835 3751 omnia
853 3713 902 3751 ad
930 3718 1095 3766 aequales
1114 3719 1311 3756 distantias

273 3762 313 3799 in
330 3764 416 3800 navi
436 3765 569 3812 posita,
590 3773 628 3803 et
646 3774 836 3814 punctum
860 3767 895 3804 B
915 3769 968 3806 ita
993 3770 1188 3808 adhaerere
1206 3772 1310 3809 malo

272 3822 317 3852 ut
335 3828 381 3852 ex
397 3817 480 3867 ejus
491 3826 614 3863 motu,
636 3818 742 3856 navis
756 3827 908 3857 motum
924 3823 1103 3871 suscipiat
1118 3824 1313 3874 etreliqua

273 3876 416 3914 puncta
433 3878 569 3917 ve11at3
599 3871 757 3921 recipiat
785 3872 874 3911 vero
901 3884 1093 3924 punctum
1116 3879 1153 3914 A
1174 3877 1312 3915 veloci-

834 281 1398 342 PHILOSOPHIAE
1439 289 1890 347 NATURALIS
1979 295 2425 360 [MOT.C0RP0R.

1391 440 1508 470 tatem
1545 432 1696 472 finitam
1730 448 1819 486 quae
1851 446 2027 477 constans
2055 448 2209 478 maneat
2235 440 2351 479 relate
2377 440 2428 479 ad

1390 486 1496 523 navis
1529 496 1719 535 punctum
1746 491 1787 526 in
1816 504 1895 540 quo
1926 495 2155 539 versabatur,
2190 502 2227 532 et
2258 504 2425 543 ponatur

1388 540 1513 587 primo
1528 553 1612 577 eam
1633 554 1762 579 versus
1787 544 1821 579 B
1842 544 2023 593 tendere;
2053 560 2098 583 ex
2119 559 2273 584 accessu
2292 546 2426 596 puncti

1392 594 1430 628 A
1458 605 1589 630 versus
1621 595 1655 631 B
1686 597 1741 632 vis
1770 597 1960 643 repulsiva
1991 600 2186 646 particulae
2222 601 2260 638 A
2293 601 2427 638 fortior

1389 645 1456 682 fiet
1475 645 1511 681 vi
1530 647 1719 694 repulsiva
1747 649 1945 697 particulae
1967 652 2012 696 C,
2042 665 2158 702 quare
2178 666 2223 690 ex
2244 652 2424 690 differen-

1390 698 1443 735 tia
1477 698 1618 736 virium
1655 711 1833 738 nascetur
1868 703 1929 739 vix
1964 705 2102 742 motrix
2131 706 2328 754 particulae
2362 708 2422 752 B;

1388 751 1571 800 procedat
1598 754 1701 790 enim
1725 757 1761 790 A
1782 755 1830 792 ad
1854 755 1887 792 Β
1907 757 2118 805 quantitate
2149 760 2186 796 A
2207 773 2240 804 a,
2272 761 2343 797 erit
2369 760 2425 797 vis

1389 804 1585 851 particulae
1608 807 1639 844 C
1658 807 1698 843 iu
1723 808 1771 853 B,
1798 807 1846 845 ad
1867 809 1943 845 vim
1962 810 2158 857 particulae
2183 813 2218 849 A
2238 813 2278 849 in
2301 813 2350 857 B,
2381 821 2426 851 ut

1389 870 1413 894 a
1434 858 1469 894 B
1491 858 1539 895 ad
1561 859 1596 895 B
1618 860 1649 897 C
1669 859 1747 897 sive
1771 862 1806 897 A
1831 862 1866 898 Β
1888 862 1998 912 (quia
2016 864 2287 911 particularum
2308 866 2423 902 inter·

1387 910 1487 947 valla
1511 912 1611 957 AB,
1636 913 1670 949 B
1688 914 1719 951 C
1738 913 1849 951 initio
1868 922 1977 951 eraut
1995 917 2173 966 aequalia)
2194 925 2232 956 et
2250 918 2423 956 dividen-

1386 962 1449 1009 do,
1472 964 1527 1000 vis
1545 966 1742 1013 particulae
1766 968 1810 1010 C,
1832 967 1880 1004 ad
1900 967 2156 1006 differentiam
2176 970 2314 1007 virium
2334 985 2422 1022 quoe

1385 1024 1442 1053 est
1459 1017 1515 1054 vis
1533 1019 1672 1056 motrix
1700 1020 1834 1066 puncti
1866 1021 1900 1057 B
1921 1028 1965 1057 ut
1984 1034 2007 1058 a
2030 1023 2063 1059 B
2084 1022 2133 1060 ad
2155 1023 2192 1060 A
2216 1024 2251 1061 B
2271 1047 2324 1054 —
2341 1038 2364 1062 a
2387 1026 2421 1062 B

1385 1071 1463 1107 sive
1486 1071 1522 1106 A
1543 1084 1576 1115 a,
1598 1071 1665 1108 sed
1685 1072 1740 1109 vis
1758 1073 1955 1121 particulae
1980 1075 2012 1112 C
2032 1083 2088 1112 est
2106 1075 2162 1111 vis
2181 1076 2262 1124 ipsa
2277 1076 2422 1114 elaterii

1384 1121 1424 1159 in
1445 1131 1544 1160 statu
1567 1125 1744 1170 naturali,
1773 1138 1819 1163 ex
1847 1127 2005 1175 hypoth.
2067 1129 2176 1177 Ergo
2195 1130 2251 1166 vis
2278 1130 2423 1167 elaterii

1383 1183 1440 1214 est
1467 1176 1514 1214 ad
1544 1178 1620 1214 vim
1649 1187 1868 1216 moventem
1895 1188 2084 1227 punctum
2116 1182 2164 1227 B,
2203 1190 2248 1219 ut
2275 1196 2297 1219 a
2319 1184 2352 1220 B
2374 1183 2421 1221 ed

1385 1229 1424 1265 A
1443 1243 1477 1266 a.
1541 1230 1806 1278 Repraesentet
1822 1233 1951 1282 itaque
1975 1233 1992 1270 I
2013 1233 2058 1270 H
2077 1241 2230 1283 ternpus
2247 1248 2324 1286 quo
2344 1236 2418 1273 dis-

1383 1282 1503 1319 tantia
1527 1284 1562 1319 A
1587 1285 1621 1320 B
1642 1292 1877 1332 punctorum
1896 1284 2137 1324 elasticorum
2156 1301 2223 1336 per
2242 1288 2420 1327 velocita-
2459 1290 2462 1292 ’

1382 1342 1461 1373 tem
1497 1334 1628 1374 datam
1660 1336 1798 1389 puncti
1837 1339 1877 1376 A
1909 1339 2157 1387 percurritur,
2196 1340 2422 1392 dicaturque

1563 1513 2054 1568 ⁴ARCDE

1663 1577 1761 1610 .,
1849 1590 2024 1614 ..Α

1379 1799 1480 1838 illud
1513 1808 1668 1851 tempus
1696 1817 1731 1849 a,
1766 1804 1931 1844 ducatur
1962 1804 2141 1842 deorsum
2175 1805 2227 1843 ad
2254 1805 2420 1855 angulos

1379 1861 1502 1890 rectos
1534 1854 1636 1893 linea
1665 1856 1709 1893 H
1734 1858 1771 1894 G
1800 1871 1888 1908 quae
1917 1857 1997 1894 vim
2029 1858 2223 1895 elasticam
2254 1858 2419 1907 singulae

1378 1906 1577 1954 particulae
1604 1909 1722 1946 medii
1742 1910 1781 1947 in
1801 1919 1905 1949 statu
1924 1911 2091 1948 naturali
2109 1911 2300 1960 designet,
2322 1911 2417 1948 duc-

1378 1967 1495 2009 taque
1528 1960 1559 1997 F
1583 1962 1620 1999 G
1649 1963 1829 2009 parallela
1859 1965 1878 2002 1
1913 1964 1970 2009 H,
2004 1964 2229 2013 asymptotis
2260 1964 2292 2000 F
2316 1964 2353 2001 G
2380 1972 2419 2001 et

1384 2014 1421 2050 G
1445 2013 1488 2049 H
1509 2021 1546 2050 et
1566 2014 1753 2065 dignitate
1780 2016 1920 2066 aequali
1947 2029 1969 2053 a
1989 2023 2030 2063 ><
2057 2017 2100 2054 H
2126 2018 2164 2054 G
2183 2016 2418 2054 describatur

1377 2066 1596 2114 hyperbola‚
1625 2070 1797 2107 transibit
1823 2083 1892 2119 per
1918 2079 2106 2118 punctum
2137 2070 2172 2116 I,
2208 2069 2415 2121 (siquidem

1381 2119 1944 2161 IF=HGetFG=I
1970 2122 2415 2172 H=a,ide6queIF

1381 2177 1422 2217 ><
1451 2172 1483 2209 F
1507 2173 1543 2210 G
1562 2189 1618 2209 =
1651 2174 1694 2211 H
1729 2177 1766 2213 G
1790 2182 1830 2221 ><
1854 2176 1894 2225 a)
1929 2184 1967 2213 et
1995 2176 2025 2212 si
2057 2176 2078 2213 I
2112 2177 2145 2213 P
2172 2183 2415 2223 repraesentet

1377 2231 1530 2273 tempus
1547 2239 1626 2276 quo
1644 2227 1808 2266 durante
1825 2230 1862 2266 A
1876 2238 2027 2266 motum
2048 2236 2113 2270 est,
2134 2229 2359 2277 dicaturque
2375 2242 2411 2273 x,

1378 2276 1465 2314 dIco
1496 2280 1601 2328 quod
1636 2281 1670 2318 P
1701 2282 1749 2319 M
1781 2283 2064 2330 repraesentabit
2098 2282 2177 2318 vim
2213 2281 2414 2318 moti-icem

1377 2332 1511 2378 puncti
1534 2333 1568 2369 B
1589 2346 1634 2370 eo
1652 2336 1834 2383 temporis
1851 2344 2058 2372 momento.
2121 2336 2209 2372 Erit
2235 2335 2339 2373 enim
2367 2347 2414 2372 ex

1378 2384 1514 2421 naturai
1533 2386 1764 2435 hyperbolae,
1789 2390 1827 2426 G
1851 2389 1917 2426 R:
1948 2388 1984 2425 G
2009 2388 2041 2425 F
2059 2404 2115 2424 =
2141 2388 2172 2425 F
2194 2388 2214 2425 Ι
2238 2388 2302 2439 (H
2324 2388 2379 2435 G)
2399 2404 2407 2425 :

1383 2437 1421 2473 R
1441 2437 1489 2488 M
1511 2446 1549 2475 et
1568 2439 1773 2478 dividendo
1796 2442 1833 2479 G
1858 2442 1896 2479 R
1917 2441 1983 2491 (H
2008 2440 2087 2489 P):
2113 2442 2143 2478 F
2170 2443 2204 2478 R
2226 2442 2267 2491 (I
2287 2440 2411 2489 P)=

1380 2489 1425 2526 H
1451 2490 1488 2528 G
1509 2506 1517 2529 z
1546 2492 1581 2529 P
1603 2494 1675 2539 M;
1705 2494 1827 2543 spatia
1846 2493 1934 2531 vero
1956 2494 2200 2532 uniformiter
2226 2494 2413 2542 descripta

1376 2551 1467 2580 sunt
1486 2552 1529 2581 ut
1547 2552 1742 2594 tempora3
1764 2559 1858 2597 ergo
1881 2549 1916 2584 A
1941 2548 2002 2584 B:
2024 2549 2059 2584 A
2078 2560 2175 2584 a=
2198 2548 2218 2585 1
2243 2547 2411 2585 H21P

1378 2595 1768 2638 etdividendoaBt
1796 2601 1832 2637 A
1854 2613 1950 2638 a=
1975 2600 2017 2637 H
2042 2601 2104 2638 P:
2133 2602 2153 2638 Ι
2177 2602 2224 2644 P,
2245 2601 2352 2637 seda
2374 2601 2408 2637 B

1377 2649 1427 2687 ad
1449 2650 1487 2687 A
1507 2663 1530 2687 a
1556 2659 1601 2689 ut
1627 2652 1684 2689 vis
1710 2653 1854 2690 elaterii
1883 2652 1931 2690 ad
1959 2653 2036 2689 vim
2058 2654 2257 2691 motricem
2277 2652 2411 2701 puncti

1380 2703 1622 2754 B3ergoH
1646 2706 1757 2744 1³21
1782 2706 1951 2743 Ρ--Η
1976 2707 2042 2744 G:
2072 2706 2409 2744 PM=visela-

1377 2756 1462 2793 terii
1489 2757 1538 2794 ad
1566 2759 1644 2795 vim
1671 2759 1870 2796 motricem
1890 2759 2023 2808 puncti
2046 2760 2093 2803 B,
2125 2759 2192 2797 sed
2214 2760 2257 2796 H
2283 2760 2320 2796 G
2349 2772 2407 2796 re-

1365 2818 1577 2857 ·praesentat
1594 2812 1672 2848 vim
1691 2812 1848 2858 elaterii,
1877 2825 1969 2862 ergo
1991 2813 2024 2849 P
2041 2813 2088 2850 M
2107 2813 2250 2863 ubique
2268 2825 2407 2861 reprae-

1374 2871 1498 2901 sentat
1516 2865 1594 2901 vim
1612 2865 1811 2903 motricem
1830 2867 1960 2913 puncti
1987 2866 2034 2903 B.

1429 2918 1733 2966 Repraesentabit
1760 2931 1852 2969 ergo
1879 2919 1994 2956 etiam
2022 2919 2122 2956 linea
2145 2919 2180 2957 P
2199 2919 2249 2956 M
2266 2917 2407 2956 veloci—

1371 2976 1490 3007 tatem
1525 2981 1725 3010 momento
1764 2972 1799 3009 P
1828 2972 2011 3022 genitam,
2051 2980 2089 3010 et
2118 2985 2206 3009 area
2239 2972 2260 3009 I
2294 2972 2327 3009 P
2357 2971 2405 3007 M

1371 3031 1492 3061 totam
1520 3024 1757 3063 velocitatem
1777 3038 1799 3062 a
1817 3034 1961 3072 puncto
1992 3026 2027 3063 B
2056 3025 2281 3074 acquisitam
2309 3033 2406 3061 tem-

1370 3088 1462 3124 pore
1502 3077 1522 3114 I
1558 3078 1594 3115 P
1630 3079 1707 3116 sive
1733 3085 1904 3127 tempore
1934 3091 2012 3129 quo
2043 3077 2276 3127 percurritur
2315 3077 2353 3114 A
2383 3092 2407 3116 a

1370 3141 1393 3166 a
1410 3137 1555 3178 puncto
1577 3132 1627 3168 A.

1426 3183 1675 3222 Describatur
1702 3182 1792 3222 vero
1820 3196 1866 3221 ex
1899 3191 2044 3232 puncto
2079 3183 2112 3221 F
2138 3182 2404 3234 logarithmica

1369 3235 1481 3285 cujus
1507 3237 1588 3274 axis
1614 3238 1663 3275 sit
1688 3237 1791 3275 linea
1816 3238 1856 3274 H
1880 3238 1918 3275 G
1939 3237 2135 3285 producta,
2168 3237 2405 3285 subtangens

1369 3288 1472 3326 linea
1497 3290 1642 3339 quaevis
1672 3291 1710 3328 G
1731 3291 1774 3328 X
1802 3303 1889 3340 quae
1907 3290 2056 3327 dicatur
2074 3303 2103 3336 s,
2135 3287 2327 3337 ductaque
2354 3301 2401 3326 ex

1368 3350 1515 3390 puncto
1537 3344 1573 3381 P
1590 3342 1693 3381 linea
1715 3344 1749 3381 P
1770 3345 1806 3381 T
1829 3344 1855 3381 S
1874 3343 1960 3380 dico
1978 3342 2081 3392 quod
2101 3343 2202 3381 linea
2232 3342 2267 3379 T
2290 3341 2316 3378 S
2343 3355 2402 3379 re-

1369 3397 1611 3443 praesentabit
1629 3396 1867 3434 velocitatem
1886 3404 2058 3444 tempore
2079 3397 2100 3434 1
2124 3395 2158 3433 P
2178 3393 2400 3445 acquisitam

1366 3455 1405 3485 et
1423 3460 1511 3486 area
1541 3450 1573 3488 F
1595 3451 1631 3489 T
1653 3451 1679 3488 S
1706 3451 1871 3498 spatium
1890 3462 1914 3486 a
1931 3457 2075 3496 puncto
2097 3450 2132 3487 B
2153 3446 2396 3494 descriptum.

1421 3501 1495 3539 Est
1513 3502 1617 3540 enim
1638 3506 1723 3555 (per
1740 3511 1817 3541 nat.
1842 3501 2041 3552 logarith.)
2070 3515 2157 3540 area
2178 3502 2198 3539 Ι
2222 3501 2254 3539 F
2278 3502 2315 3537 R
2337 3500 2398 3545 M,

1366 3553 1416 3591 ad
1448 3564 1536 3593 rect.
1563 3556 1582 3593 Ι
1613 3557 1645 3594 F
1669 3558 1704 3594 G
1730 3558 1771 3595 H
1805 3563 1850 3594 ut
1890 3556 1928 3592 R
1951 3557 1977 3592 S
2009 3555 2058 3592 ad
2091 3556 2128 3593 G
2152 3555 2207 3599 X,
2238 3561 2276 3590 et
2303 3561 2395 3590 rect.

1327 3606 2400 3648 *IFGHadrectIFRPutFGadFRut

1369 3660 1406 3697 G
1431 3661 1470 3697 X
1491 3661 1539 3699 ad
1563 3664 1601 3700 R
1623 3663 1670 3708 T,
1702 3662 1863 3712 ideoque
1882 3674 1928 3699 ex
1957 3673 2067 3710 aequo
2085 3672 2172 3698 area
2193 3660 2212 3696 I
2237 3660 2270 3696 F
2292 3660 2329 3696 R
2351 3659 2398 3695 M

1364 3712 1412 3749 ad
1431 3722 1520 3751 rect.
1548 3716 1566 3752 Ι
1592 3715 1624 3753 F
1648 3717 1685 3753 R
1711 3716 1742 3753 P
1762 3724 1805 3752 ut
1828 3716 1866 3753 R
1885 3716 1910 3753 S
1929 3715 1977 3752 ad
2002 3715 2038 3752 R
2053 3714 2100 3758 T,
2122 3721 2159 3750 et
2177 3706 2395 3756 dividendo,

1363 3774 1421 3803 est
1450 3766 1470 3803 I
1495 3768 1596 3806 PM
1624 3769 1672 3806 ad
1703 3769 1723 3806 Ι
1749 3770 1781 3806 F
1806 3766 2131 3806 RPntTSad
2157 3766 2274 3813 RT;
2306 3776 2398 3814 ergo

1366 3831 1453 3857 area
1475 3821 1494 3858 Ι
1512 3821 1546 3858 P
1562 3822 1609 3860 M
1628 3829 1686 3859 est
1702 3822 1805 3867 adT
1822 3822 1849 3859 S
1863 3822 1903 3859 in
1917 3820 2062 3858 ratione
2076 3818 2174 3864 data,
2196 3821 2245 3857 ob
2263 3817 2397 3856 datum

1373 3873 1409 3911 P
1433 3872 1470 3910 R
1491 3883 1528 3912 et
1555 3875 1743 3914 rationem
1771 3874 1805 3913 F
1828 3875 1866 3913 R
1884 3872 1933 3913 ad
1957 3875 1995 3911 R
2016 3873 2052 3911 T
2070 3873 2211 3918 datam,
2241 3877 2286 3909 ut
2309 3875 2399 3920 pote
