2502 4192
215 281 321 328 960

760 273 1327 328 PHILOSOPHIAE
1365 273 1820 327 NATURALIS
1920 273 2100 339 [Mor.
2129 274 2373 327 Commu.

215 428 323 471 tam
367 437 544 471 versus
588 421 754 488 spatia
786 419 875 470 illa
908 419 960 471 K
988 420 1052 483 L,
1098 420 1151 470 N
1189 419 1239 471 O
1276 419 1520 488 utrinque
1558 418 1670 481 sita,
1714 437 1868 488 quam
1910 436 2088 470 versus
2125 418 2374 488 pulsuum

215 511 414 562 rariora
439 510 739 571 intervalla3
779 528 944 579 eoque
969 517 1124 577 pacto
1150 508 1316 560 rarius
1343 526 1547 577 semper
1574 507 1796 558 evadens
1824 526 1853 558 e
1878 508 2092 578 regione
2130 507 2372 559 interval-

213 602 383 651 lorum
411 617 470 650 ac
496 598 704 649 densius
732 617 760 649 e
786 598 1000 668 regione
1025 597 1287 665 pulsuum,
1327 595 1661 665 participabit
1686 596 1971 647 eorundem
2009 607 2225 648 motum.
2302 596 2374 648 Et

215 691 460 760 quoniam
485 690 732 757 pulsuum
766 689 1126 760 progressivus
1157 697 1328 738 motus
1365 687 1529 738 oritur
1555 706 1585 737 a
1610 686 1862 755 perpetua
1898 687 2218 738 relaxatione
2251 705 2372 755 par-

214 783 344 834 tium
375 782 674 833 densiorum
699 800 879 834 versus
913 782 1272 834 antecedentia
1309 781 1580 834 intervalla
1615 782 1842 844 rariora3
1885 792 1937 834 et
1973 783 2151 850 pulsus
2189 782 2373 834 eadem

214 870 319 923 fere
364 870 623 921 celeritate
655 889 763 921 sese
788 870 844 921 in
870 870 1028 922 medii
1061 880 1234 940 partes
1271 871 1590 941 quiescentes
1627 870 1680 922 K
1708 871 1772 934 L,
1803 871 1857 923 N
1886 871 1938 923 O
1970 871 2093 923 hinc
2133 873 2256 924 inde
2289 892 2372 924 re—

215 961 391 1010 laxare
418 958 610 1009 debent
630 978 644 1020 3
671 958 853 1027 pulsus
880 960 958 1010 illi
984 958 1166 1011 eadem
1191 959 1298 1011 fere
1326 959 1586 1012 celeritate
1611 979 1724 1011 sese
1750 960 2041 1011 dilatabunt
2066 962 2293 1031 undique
2318 963 2373 1012 in

214 1050 378 1118 spatia
403 1050 618 1101 immota
647 1050 700 1101 K
728 1050 793 1114 L,
824 1051 878 1102 N
907 1051 975 1112 O,
1016 1051 1116 1121 qua
1155 1062 1516 1122 propagantur
1550 1050 1744 1103 directe
1771 1071 1802 1102 a
1828 1062 2006 1101 centro
2034 1051 2111 1112 A3
2153 1051 2374 1122 ideoque

215 1141 436 1209 spatium
462 1150 629 1192 totum
659 1140 712 1192 K
742 1141 791 1192 L
822 1142 874 1193 N
904 1142 955 1194 O
984 1143 1330 1210 occupabunt.
1395 1142 1465 1204 Q.
1484 1160 1527 1192 e.
1545 1141 1597 1192 d.
1675 1140 1799 1192 Hoc
1826 1141 2122 1209 experimur
2140 1141 2194 1191 in
2215 1141 2370 1204 sonis,

215 1234 303 1302 qui
329 1234 409 1284 vel
443 1242 619 1287 monte
648 1233 956 1302 interposito
985 1233 1283 1296 audiuntur,
1317 1233 1398 1284 vel
1432 1234 1486 1283 in
1517 1231 1814 1283 cubiculum
1843 1249 1937 1299 per
1970 1230 2248 1283 fenestram
2281 1232 2373 1283 ad·
2410 1288 2413 1290 ,

214 1410 427 1459 posuimus,
475 1410 763 1448 demonstratur
807 1410 945 1459 pulsus
981 1411 1030 1448 ab
1070 1409 1271 1448 obstaculo

213 1465 329 1511 plano
354 1465 387 1500 B
413 1465 457 1509 C,
482 1465 576 1515 (vid.
601 1464 668 1514 fig.
693 1471 773 1501 not.
800 1463 913 1512 293.)
943 1463 997 1501 ita
1016 1464 1207 1512 repercuti
1225 1471 1271 1500 ut

214 1518 262 1554 sit
282 1517 451 1567 angulus
463 1517 681 1554 reflexionis
696 1516 855 1567 aequalis
870 1516 1019 1567 angulo
1033 1516 1266 1562 incidentiae,

216 1570 398 1619 idemque
427 1571 475 1607 sit
502 1571 621 1608 medii
652 1578 783 1607 motus
810 1578 895 1619 post
926 1569 1172 1607 reflexionem
1200 1570 1268 1620 qui

214 1623 500 1672 produceretur.
532 1624 562 1660 si
585 1624 719 1672 pulsus
739 1636 786 1660 ex
808 1631 940 1661 centro
961 1624 1005 1660 H
1028 1623 1180 1661 sublato
1199 1625 1269 1660 ob·

218 1677 379 1722 staculo‚
402 1685 690 1726 propagaretur.

272 1731 346 1768 Sed
366 1738 409 1767 ut
428 1730 546 1778 hujus
569 1730 756 1767 sectionis
771 1730 944 1768 doctrina
954 1743 1043 1781 quae
1058 1731 1142 1767 soni
1157 1732 1263 1779 phae-

215 1784 392 1820 nomenis
423 1783 660 1830 explicandis
696 1784 987 1821 accommodata
1016 1792 1084 1829 est,
1123 1784 1265 1821 melius

216 1836 466 1886 intelligatur,
498 1836 686 1873 nonnulla
704 1837 752 1874 de
773 1836 909 1874 natura
927 1838 1012 1874 soni
1031 1844 1069 1874 et
1087 1836 1136 1874 de
1154 1843 1266 1874 motu

217 1902 423 1938 corporum
442 1890 706 1927 resonantium
726 1890 994 1938 praemittenda
1012 1897 1113 1927 sunt.

271 1948 360 1982 296.
397 1942 599 1980 Definitio.
633 1946 756 1982 Sonus
776 1946 941 1982 directus
959 1952 1024 1989 est,
1055 1943 1163 1992 qui'a
1183 1955 1268 1979 cor-

216 2009 309 2045 pore
329 2006 468 2033 sonoro
487 1995 535 2032 ad
555 2009 748 2046 organum
775 1996 931 2033 auditus
951 1996 1054 2034 recta
1075 1995 1177 2033 linea
1194 1996 1270 2032 fer-

218 2058 291 2088 tur.
353 2053 474 2088 Sonus
493 2052 653 2101 rqfleoeus
672 2052 740 2100 qui
757 2063 781 2087 a
799 2062 957 2098 corpore
976 2063 1115 2087 sonoro
1134 2049 1175 2085 in
1190 2049 1265 2086 alia

218 2116 377 2151 corpora
391 2102 524 2148 fertur,
546 2111 584 2140 et
603 2103 694 2140 inde
713 2102 762 2140 ad
781 2116 915 2141 aurem
934 2103 1153 2141 reflectitur.

271 2162 363 2195 997.
399 2156 627 2204 Propositio.
675 2160 798 2195 Sonus
817 2164 869 2194 est
884 2160 1170 2207 particularum
1190 2171 1274 2195 cor-

213 2212 317 2260 poris
336 2212 548 2248 resonantis
562 2217 684 2248 motus
696 2214 884 2249 tremulus
895 2225 940 2248 ac
955 2213 1177 2249 vibratorius
1192 2212 1274 2248 a'e‘ri

220 2266 527 2301 communicatus
554 2272 588 2301 et
607 2266 657 2301 ad
685 2278 797 2302 aures
827 2266 984 2303 delatus.
1048 2265 1151 2302 Haec
1174 2264 1271 2300 Pro-

223 2316 362 2365 positio
389 2316 597 2353 notissimis
624 2317 897 2365 experimentis
916 2325 1018 2355 certa
1037 2325 1103 2355 est.
1167 2317 1273 2353 Nam

222 2382 382 2417 corpora
401 2382 478 2406 non
497 2378 677 2407 resonant
696 2370 769 2407 nisi
788 2372 1064 2419 percutiantur,
1094 2377 1132 2408 et
1149 2369 1272 2407 maxi-

220 2422 285 2460 me
302 2423 477 2460 omnium
498 2431 681 2461 resonant
694 2436 853 2472 corpora
873 2423 970 2462 dura
983 2423 1098 2474 atque
1118 2423 1273 2461 elastica

222 2488 388 2527 quorum
418 2484 543 2525 partes
570 2477 651 2514 ictu
680 2476 900 2523 flectuntur,
928 2486 966 2515 et
985 2478 1125 2515 deinde
1143 2477 1181 2514 vi
1200 2475 1272 2514 sua

222 2528 378 2566 elastica
414 2530 599 2573 resiliunt,
640 2530 754 2580 atque
792 2530 844 2568 ita
880 2532 1047 2569 tremulo
1084 2543 1128 2568 ac

223 2583 426 2620 vibratorio
445 2591 554 2621 motu
573 2584 780 2634 agitantur.
843 2585 1128 2623 Particularum

223 2637 391 2684 corporis
418 2639 629 2674 resonantis
648 2637 845 2675 subsultus
864 2638 948 2676 visu
968 2646 1005 2676 et
1024 2646 1129 2675 tactu

223 2690 453 2738 percipitur;
488 2691 627 2728 chartae
653 2690 818 2728 frustula
850 2692 998 2740 corpori
1027 2704 1129 2729 reso-

224 2743 331 2784 nanti
359 2742 564 2780 insidentia
591 2745 805 2782 subsultare
823 2745 945 2782 oculis
964 2757 1128 2782 cernun-

228 2804 293 2834 tur
329 2804 367 2833 et
403 2796 558 2833 admota
595 2810 714 2835 manu
751 2798 917 2845 partium
953 2798 1131 2836 fremitus

225 2850 399 2887 sentitur.
447 2849 597 2887 Verum
616 2851 647 2887 si
668 2850 763 2890 fides
781 2852 1024 2889 instrumenti
1045 2865 1131 2889 mu-

225 2902 294 2940 sici
313 2911 421 2940 tensa
440 2915 518 2940 non
533 2903 661 2949 fuerit,
683 2904 773 2941 licet
787 2904 1041 2943 oscillationes
1054 2913 1134 2943 tota
1173 2910 1177 2914 “

226 2964 396 3006 peragat,
417 2970 554 2994 sonum
577 2969 654 2994 non
674 2956 776 3003 edit;
807 2967 843 2996 et
862 2958 1017 3006 forcipis
1032 2959 1134 2996 soca-

227 3009 295 3045 riae
328 3022 440 3046 crura
473 3009 603 3059 digitis
640 3011 843 3048 constricta
875 3020 913 3048 et
944 3010 1139 3061 extemplo

230 3061 399 3106 dimissa,
429 3063 685 3101 oscillationes
713 3073 835 3114 agunt
855 3066 937 3101 sine
953 3078 1071 3111 sono;
1101 3072 1140 3103 at

230 3115 261 3152 si
282 3116 492 3153 oscillando
519 3129 658 3164 corpus
685 3116 843 3166 aliquod
871 3118 1014 3155 durum
1042 3117 1279 3166 percutIunt‚

231 3176 439 3214 resonant3
474 3182 521 3205 ex
548 3171 688 3219 quibus
717 3169 922 3208 deducitur
940 3183 1079 3208 sonum
1101 3184 1179 3208 non
1199 3169 1283 3208 solo

233 3221 352 3257 totius
364 3222 533 3268 corporis
547 3223 779 3261 oscillatorio
791 3231 913 3270 motu,
928 3224 995 3261 sed
1007 3225 1282 3273 particularum

234 3273 354 3322 ipsius
373 3282 536 3312 tremore
554 3276 727 3324 produci.
791 3277 872 3315 Hic
900 3285 1029 3314 motus
1056 3278 1134 3315 a’elri
1162 3277 1283 3314 conti-

235 3339 316 3376 guo
328 3328 639 3367 communicatur
654 3338 692 3367 et
702 3329 839 3378 pulsus
854 3330 995 3368 excitat
1012 3330 1142 3382 (294).
1180 3329 1285 3368 Cum

235 3378 357 3428 prope
389 3393 531 3429 aquam
565 3387 811 3433 stagnantem
841 3391 1071 3433 tympanum
1101 3384 1283 3433 quatitur,

236 3432 438 3470 subsultus
457 3434 705 3473 observantur
724 3437 765 3473 in
785 3449 897 3487 aquae
916 3436 1128 3485 superficie.
1176 3438 1289 3474 Dum

237 3486 589 3524 instrumentorum
636 3489 876 3527 musicorum
922 3490 1127 3538 pulsantur
1166 3489 1287 3535 nervi,

239 3538 445 3587 pulvisculi
479 3540 546 3588 qui
577 3541 653 3577 a'e’ri
683 3542 862 3580 innatant
881 3551 919 3580 et
937 3543 1046 3580 radio
1068 3543 1166 3581 Solis
1190 3543 1292 3580 fiunt

240 3591 450 3641 conspicui,
490 3593 741 3631 conformiter
773 3596 823 3633 ad
852 3596 1050 3634 fremitum
1085 3608 1291 3647 nervorum

245 3646 460 3683 subsultare
479 3645 672 3683 videntur.
736 3647 775 3684 Si
796 3661 842 3685 ex
863 3648 1014 3687 duabus
1032 3649 1185 3687 chordis
1203 3662 1291 3686 mu-

242 3698 343 3744 sicxs,
365 3700 629 3749 homogeneiS,
660 3700 874 3748 aequalibus
892 3711 930 3739 et
949 3715 1058 3752 aeque
1077 3702 1196 3740 tensis
1215 3714 1294 3739 una

243 3749 420 3799 pulsetur
451 3760 496 3789 ut
524 3765 665 3789 sonum
702 3752 802 3796 edat,
841 3754 961 3792 altera
997 3756 1134 3803 prioris
1170 3755 1296 3792 vicina

244 3806 465 3842 concutitur
494 3813 532 3843 et
565 3805 740 3843 similiter
777 3815 941 3845 resonat.
1003 3808 1180 3846 Tandem
1212 3820 1292 3845 cor-

245 3868 339 3904 pora
368 3869 505 3896 sonora
537 3860 610 3896 sub
647 3857 836 3908 campana
872 3860 1002 3898 antliae
1042 3861 1298 3910 pneumatica?

1291 3914 1315 3949 ὖ

1324 1409 1449 1458 posita
1466 1416 1582 1461 atque
1601 1421 1792 1458 percussa,
1814 1407 1910 1446 dum
1930 1406 2107 1445 educitur
2125 1406 2200 1453 a'e'r,
2231 1419 2372 1444 sonum

1326 1463 1611 1514 languidiorem
1640 1462 1809 1500 reddunt
1828 1469 1866 1500 et
1884 1462 2070 1499 exhausto
2088 1462 2187 1506 a'ere,
2217 1459 2374 1498 nullum

1323 1516 1390 1567 qui
1427 1517 1545 1566 possit
1580 1516 1736 1565 percipi.
1792 1515 1867 1553 Est
1897 1514 2018 1565 igitur
2054 1515 2118 1552 a'et
2149 1513 2374 1551 vehiculum

1323 1570 1431 1607 soni:
1469 1579 1640 1608 attamen
1668 1569 1786 1607 totius
1806 1569 1926 1606 a'ereae
1946 1567 2061 1604 molis
2079 1575 2209 1605 motus
2236 1566 2304 1617 qui
2330 1566 2374 1603 in

1325 1630 1441 1660 vento
1473 1623 1652 1666 cernitur,
1684 1635 1751 1671 per
1770 1635 1810 1659 se
1828 1622 1878 1659 ad
1906 1620 2203 1670 producendum
2232 1632 2374 1657 sonum

1325 1689 1406 1713 non
1439 1676 1549 1720 valet,
1586 1676 1653 1713 sed
1685 1675 1911 1713 vibratorius
1935 1674 2210 1722 particularum
2242 1681 2374 1711 motus

1332 1730 1422 1767 satis
1440 1729 1589 1767 validus
1606 1729 1841 1767 necessarius
1859 1735 1928 1765 est.

1375 1787 1463 1821 298.
1509 1783 1685 1820 Lemma.
1745 1784 1787 1821 Si
1814 1794 2026 1820 curvarum
2055 1783 2227 1819 duarum
2261 1781 2300 1817 A
2320 1783 2372 1825 B,

1321 1837 1361 1873 A
1378 1839 1415 1874 P
1431 1838 1636 1875 abscissam
1656 1849 1900 1874 communem
1919 1835 1958 1872 A
1978 1836 2006 1872 S
2020 1836 2254 1879 habentium,
2275 1835 2374 1871 ordi-

1324 1897 1429 1927 natae
1458 1893 1485 1928 S
1502 1892 1552 1935 B,
1583 1892 1611 1927 S
1631 1892 1669 1928 P
1695 1891 1771 1927 sint
1798 1901 1943 1937 semper
1968 1890 2018 1925 ad
2044 1889 2204 1926 invicem
2222 1889 2265 1925 in
2283 1884 2375 1925 dat&

1324 1945 1485 1988 ratione,
1507 1944 1718 1981 imminutis
1736 1944 1782 1993 iis
1800 1944 1842 1980 in
1862 1943 2058 1994 infinitum
2076 1950 2121 1979 ut
2140 1953 2267 1978 curvae
2287 1947 2375 1978 tan,

1326 1999 1411 2034 dem
1439 1998 1653 2034 coincidunt
1682 2009 1773 2034 cum
1800 2009 1867 2032 ame
1887 1996 1926 2032 A
1947 1997 1984 2037 S,
2014 1995 2085 2032 erit
2112 1995 2248 2031 ultima
2276 1996 2375 2032 ratio

1321 2057 1541 2088 curvatum
1560 2052 1692 2087 eadem
1710 2063 1794 2099 quae
1813 2050 2091 2086 ordinatarum.
2127 2047 2220 2084 Duc
2234 2058 2376 2083 novam

1321 2102 1535 2140 ordinatam
1556 2115 1574 2139 s
1592 2116 1618 2151 p
1637 2102 1762 2139 curvis
1780 2108 2045 2139 occurrentem
2066 2100 2107 2137 in
2122 2112 2147 2147 p
2162 2107 2201 2137 et
2214 2101 2253 2146 b,
2275 2107 2313 2137 et
2327 2097 2377 2137 ad

1328 2163 1475 2204 puncta
1497 2157 1531 2194 B
1552 2164 1591 2193 et
1613 2155 1648 2193 P
1666 2155 1742 2192 duc
1770 2162 1973 2204 tangentes
2002 2160 2245 2191 occurrentes
2274 2152 2377 2190 ordi-

1329 2218 1431 2247 natae
1450 2222 1560 2246 novae
1578 2209 1619 2245 in
1644 2209 1675 2247 C
1695 2217 1734 2246 et
1752 2221 1785 2246 c.
1846 2208 1952 2245 Tum
1971 2209 2021 2245 ob
2041 2206 2168 2244 datam
2183 2205 2377 2244 ordinata-

1328 2275 1417 2299 rum
1435 2262 1638 2308 rationem‚
1669 2269 1871 2313 tangentes
1889 2260 2086 2309 productae
2105 2259 2154 2297 ad
2173 2259 2277 2297 idem
2296 2259 2378 2297 axis

1329 2323 1521 2364 punctum
1543 2316 1579 2353 T
1598 2322 1829 2353 concurrent
1850 2318 1959 2367 (256.
1981 2313 2070 2351 Lib.
2091 2312 2148 2362 1.)
2169 2320 2208 2350 et
2224 2311 2312 2350 ideo
2327 2314 2378 2351 ob

1328 2369 1579 2418 parallelasS
1603 2369 1690 2413 B‚s
1713 2369 1755 2412 C,
1779 2368 1885 2406 erits
1909 2368 1970 2406 C:
1995 2379 2128 2405 sc=
2151 2367 2178 2403 S
2201 2365 2377 2404 13:81¹

1330 2430 1370 2460 et
1400 2425 1486 2474 (per
1521 2421 1654 2472 Hyp.)
1693 2422 1720 2459 S
1749 2422 1815 2460 B:
1844 2421 1871 2459 S
1901 2420 2048 2459 P=s
2074 2421 2129 2457 b:
2154 2431 2239 2468 sp3
2273 2418 2380 2457 unde

1324 2477 1726 2527 sC2sc=sbzsp
1753 2487 1849 2512 =s
1871 2474 2074 2513 c—sb:
2098 2484 2378 2521 sc—sp=

2313 2989 2357 3030 Τ

1337 3100 1363 3136 b
1386 3099 1419 3137 C
1441 3114 1450 3136 z
1468 3112 1501 3148 p
1520 3112 1542 3137 c
1560 3115 1617 3136 =
1641 3101 1668 3138 S
1690 3100 1725 3138 B
1747 3114 1757 3139 ε
1781 3100 1808 3138 S
1830 3100 1877 3147 P,
1896 3099 2115 3139 coincidant
2129 3099 2212 3150 jam
2231 3097 2369 3137 ordina

1337 3159 1388 3189 tae
1415 3165 1434 3188 s
1451 3154 1490 3197 b,
1514 3153 1541 3190 S
1565 3154 1614 3199 B,
1644 3161 1683 3192 et
1714 3154 1868 3191 lineolae
1892 3160 2158 3192 evanescentes
2188 3153 2214 3190 b
2237 3152 2283 3197 C,
2305 3165 2331 3200 p
2350 3164 2384 3198 c,

1339 3213 1455 3243 erunt
1487 3208 1678 3244 subtensae
1715 3206 1951 3257 angulorum
1982 3204 2181 3244 contactus
2212 3206 2237 3243 b
2269 3205 2304 3243 B
2337 3205 2385 3251 C,

1340 3271 1366 3307 p
1389 3259 1424 3296 P
1443 3271 1477 3305 c,
1497 3267 1536 3297 et
1554 3259 1740 3297 ordinatis
1759 3261 1787 3298 S
1808 3260 1856 3304 B,
1881 3260 1908 3298 S
1930 3260 1965 3297 P
1984 3260 2024 3297 in
2043 3258 2242 3297 infinitum
2270 3257 2387 3295 dimi-

1341 3311 1460 3358 nutis,
1480 3319 1525 3350 ut
1543 3325 1669 3350 curvae
1686 3313 1843 3351 tandem
1855 3312 2074 3351 coincidant
2092 3325 2182 3350 cum
2195 3324 2265 3349 axe
2287 3311 2324 3348 A
2344 3310 2384 3357 S,

1343 3367 1535 3403 subtensae
1549 3365 1627 3402 illae
1641 3366 1975 3414 perpendiculares
1990 3364 2151 3404 evadent
2167 3364 2219 3402 ad
2238 3376 2384 3409 curvas,
2443 3386 2449 3390 ·
2481 3348 2499 3392 f‘

1345 3417 1487 3468 fietque
1508 3419 1543 3457 Β
1563 3420 1589 3456 b
1608 3418 1765 3468 aequalis
1787 3419 1823 3457 P
1840 3433 1879 3469 p.
1936 3420 2011 3457 Sed
2029 3419 2071 3455 in
2086 3417 2159 3456 hac
2171 3416 2386 3507 hyiptbthesi,

2339 3500 2390 3539 ad

2216 3536 2251 3574 B
2267 3529 2305 3572 b’

1347 3600 1425 3702 ἓξ
1434 3621 1547 3672 (154.
1562 3619 1650 3659 Lib.
1668 3621 1742 3671 L),
1757 3622 1832 3660 hoc
1843 3629 1910 3667 est,
1924 3627 1970 3660 ut
1986 3623 2012 3660 b
2027 3620 2060 3659 C
2071 3619 2120 3659 ad
2133 3632 2159 3669 p
2173 3632 2206 3658 c.
2258 3615 2392 3666 Quare

1349 3713 1565 3744 curvaturae
1583 3705 1624 3742 in
1643 3706 1678 3744 B
1699 3714 1738 3745 et
1760 3706 1804 3751 P,
1825 3718 1912 3757 quae
1926 3704 2081 3756 angulis
2094 3704 2292 3744 contactus
2305 3714 2393 3753 pro-

1343 3503 1482 3553 anguli
1514 3502 1714 3542 contactus
1742 3512 1835 3542 sunt
1863 3503 1914 3542 ad
1945 3503 2109 3542 invicem
2139 3509 2186 3541 ut

1350 3758 1583 3807 portionales
1602 3767 1693 3797 sunt
1722 3761 1831 3811 (121.
1857 3759 1946 3797 Lib.
1973 3757 2031 3806 Ι.)
2061 3766 2176 3796 erunt
2203 3756 2414 3796 subtensisv
2495 3805 2500 3816 ‚

1348 3814 1378 3849 b
1401 3812 1447 3856 C,
1466 3823 1492 3859 p
1512 3824 1545 3855 c,
1574 3824 1618 3849 ac
1646 3811 1807 3860 proinde
1840 3814 1906 3861 (ex
1924 3810 2050 3861 dem.)
2079 3810 2264 3850 ordinatis
2293 3810 2322 3848 S
2343 3809 2393 3855 B,

1357 3865 1383 3901 S
1407 3864 1441 3902 P
1460 3865 1771 3914 proportionales.
1835 3865 1884 3909 Q.
1904 3877 1937 3902 e.
1960 3863 1998 3902 d.
