2502 4192
257 269 359 316 302
778 255 1343 324 PHILOSOPHIAE
1386 253 1836 306 NATURALIS
1929 252 2112 317 [Mor.
2143 253 2394 305 CoRpon.

185 425 188 427 ·
258 405 366 455 rior
390 403 439 454 vi
466 402 634 470 aliqua
662 400 978 453 extrinsecus
1003 395 1251 466 impressa
1277 406 1478 447 motum
1493 394 1640 444 illum
1656 402 1940 456 conservet,
1968 393 2154 445 efficiet
2178 403 2236 445 ut
2258 393 2397 445 idem

258 494 507 564 paulatim
535 502 713 544 cesset.

333 583 469 644 Quae
496 581 667 634 omnia
689 581 746 631 ‘in
773 577 903 649 aqua
928 575 1190 647 profunda
1217 583 1486 646 stagnante
1511 572 1737 643 experiri
1760 572 1897 625 licet4

663 821 1135 895 PROPOSITIO
1173 821 1300 874 LII.
1375 819 1832 873 THEOREMA
1869 820 1996 873 XL.

256 998 317 1050 Si
340 997 537 1064 sphaera
563 996 740 1056 solida,
781 993 1016 1064 influido
1039 991 1281 1060 uniformi
1305 998 1353 1041 et
1378 991 1592 1058 iiy‘inito⁹
1633 990 1768 1040 circa
1792 1006 1933 1039 axem
1949 991 2204 1056 positione
2228 994 2423 1062 datum?

327 1087 568 1155 uniformi
593 1103 697 1137 cum
721 1092 852 1134 motu
876 1085 1174 1144 revolvatur,
1204 1090 1252 1133 et
1276 1082 1340 1132 ab
1363 1081 1505 1149 bajus
1532 1083 1741 1148 impulsu
1765 1083 1867 1132 solo
1892 1089 2080 1149 agatur
2093 1085 2317 1153 fluidum
2345 1087 2401 1136 in

332 1180 493 1230 orbem
510 1208 528 1237 ,·
558 1183 840 1244 perseveret
864 1184 1024 1226 autem
1039 1176 1209 1245 fluidi
1223 1193 1354 1241 pars
1378 1192 1684 1242 unaquaeque
1706 1174 2021 1240 uniformiter
2045 1177 2100 1226 in
2125 1186 2256 1227 motu
2279 1196 2365 1229 suo
2383 1203 2399 1229 .-

332 1271 442 1321 dico
478 1271 608 1337 quod
631 1278 853 1334 tempora
869 1268 1135 1333 periodica
1162 1268 1392 1333 partium
1408 1267 1578 1336 fluidi
1602 1273 1747 1317 erunt
1770 1274 1825 1317 ut
1849 1267 2100 1334 quadrata
2125 1269 2400 1320 distantia-

331 1378 440 1410 rum
466 1377 500 1409 a
524 1366 690 1410 centro
714 1358 937 1425 sphaerae.

335 1536 448 1588 Cas.
479 1543 526 1586 1.
569 1535 646 1587 Sit
673 1535 723 1586 A
751 1535 794 1586 F
821 1534 869 1586 L
895 1533 1096 1603 sphaera
1122 1532 1447 1585 uniformiter
1485 1532 1621 1582 circa
1646 1549 1795 1582 axem
1826 1530 1863 1583 S
1890 1530 1946 1580 in
1972 1531 2154 1583 orbem
2180 1542 2309 1594 acta,
2351 1542 2402 1584 et

258 1624 464 1676 circulis
504 1624 839 1676 concentricis
880 1622 926 1674 B
955 1623 1008 1674 G
1037 1623 1118 1685 Μ,
1160 1623 1206 1673 C
1242 1621 1302 1672 H
1331 1621 1400 1682 N,
1441 1621 1496 1671 D
1526 1620 1552 1670 I
1582 1619 1648 1681 O,
1681 1620 1728 1669 E
1757 1619 1808 1669 K
1840 1619 1899 1681 P,
1930 1621 2023 1671 &a
2056 1620 2402 1690 distinguatur

255 1715 476 1767 fluidum
517 1716 571 1765 in
611 1715 762 1766 orbes
803 1715 1100 1764 innumeros
1140 1710 1491 1763 concentricos
1526 1708 1757 1777 ejusdem
1791 1708 2157 1760 crassitudinis.
2235 1709 2402 1781 Finge

256 1814 434 1855 autem
469 1804 620 1854 orbes
646 1803 761 1854 illos
786 1820 896 1852 esse
934 1801 1153 1861 solidos;
1191 1809 1242 1851 et

257 1893 502 1964 quoniam
518 1892 898 1963 homogeneum
915 1901 991 1942 est
1001 1890 1236 1952 fluidum,

254 1984 619 2052 impressiones
647 1982 1006 2053 contiguorum
1034 1981 1238 2031 orbium

254 2071 313 2121 in
338 2089 393 2121 se
417 2081 598 2122 mutuo
622 2069 787 2133 factae,
827 2080 979 2120 erunt
1007 2073 1120 2138 (per
1142 2068 1238 2138 hy-

256 2160 519 2229 pothesin)
564 2170 623 2212 ut
659 2178 839 2211 eorum
877 2159 1239 2210 translationes

256 2251 323 2302 ab
350 2251 566 2302 invicem
592 2260 642 2302 et
668 2249 963 2318 superficies
980 2248 1239 2319 contiguae

254 2341 311 2392 in
338 2342 523 2411 quibus
560 2342 921 2410 impressiones
958 2340 1102 2391 fiunt.
1180 2340 1237 2392 Si

255 2431 524 2500 impressio
548 2431 601 2481 in
628 2431 807 2482 orbem
827 2431 1050 2500 aliquem
1075 2432 1239 2501 major

258 2534 334 2572 est
375 2522 456 2572 vel
495 2522 665 2573 minor
708 2541 773 2573 ex
816 2533 962 2590 parte
1013 2519 1236 2571 concava

258 2611 410 2681 quam
439 2632 504 2664 ex
529 2622 676 2681 parte
702 2611 962 2673 convexam
988 2611 1237 2679 praevale-

255 2700 332 2751 bit
351 2702 620 2769 impressio
636 2700 832 2763 fortior,
852 2710 904 2752 et
919 2700 1239 2752 velocitatem

257 2791 395 2841 orbis
416 2791 498 2842 vel
518 2790 823 2842 accelerabit
840 2790 920 2841 vel
937 2789 1235 2854 retardabit,

255 2891 412 2948 prout
453 2881 506 2931 in
547 2881 765 2932 eandem
814 2881 1082 2951 regionem
1123 2899 1242 2932 cum

260 2970 418 3039 ipsius
441 2982 584 3023 motu
611 2971 692 3023 vel
718 2972 770 3021 in
788 2972 1097 3023 contrariam
1115 2971 1238 3022 diri-

172 3085 187 3095 2
256 3061 409 3132 gitur.
471 3061 698 3113 Proinde
725 3072 781 3113 ut
799 3062 939 3113 orbis
964 3063 1240 3131 unusquis·-

258 3170 356 3220 que
383 3152 434 3201 in
461 3162 605 3202 motu
632 3170 725 3203 suo
750 3161 1044 3218 perseveret
1079 3153 1419 3219 uniformiter,
1459 3155 1724 3207 debebunt
1759 3152 2119 3223 impressiones
2146 3169 2212 3203 ex
2246 3159 2396 3220 parte

256 3241 472 3311 utraque
511 3242 607 3293 sibi
645 3243 864 3293 invicem
889 3243 1099 3311 aequari,
1128 3253 1179 3295 et
1203 3243 1318 3296 fieri
1343 3246 1397 3297 in
1423 3247 1661 3318 regiones
1703 3245 2000 3297 contrarias.
2078 3243 2237 3296 Unde
2275 3241 2393 3293 cum

256 3330 617 3399 impressiones
645 3333 746 3383 sint
772 3342 830 3383 ut
854 3333 1113 3403 contiguae
1140 3334 1437 3402 superficies
1476 3345 1527 3387 et
1562 3336 1750 3386 harum
1773 3333 2130 3407 translationes
2167 3332 2231 3383 ab
2265 3330 2393 3380 invi-

256 3438 396 3479 cem3
443 3428 594 3469 erunt
632 3419 992 3471 translationes
1029 3420 1229 3473 inverse
1271 3432 1329 3473 ut
1372 3423 1687 3491 superficies,
1736 3422 1799 3491 (¹¹)
1826 3421 1927 3473 hoc
1964 3430 2055 3483 est,
2101 3416 2301 3470 inverse
2336 3427 2395 3468 ut

256 3508 506 3578 quadrata
549 3507 906 3559 distantiarum
944 3510 1334 3577 superficierum
1368 3531 1399 3562 a
1435 3523 1651 3564 centro.-
1708 3512 1842 3563 Sunt
1884 3519 2056 3560 autem
2090 3506 2393 3559 differentiae

254 3610 488 3650 motuum
515 3599 837 3669 angularium
859 3601 996 3652 circa
1021 3620 1173 3654 axem
1198 3613 1256 3655 ut
1280 3602 1364 3654 hae
1389 3604 1747 3655 translationes
1787 3602 2058 3672 applicatae
2094 3600 2161 3652 ad
2198 3600 2392 3650 distan-

309 3778 367 3829 (¹¹)
389 3782 410 3804 ³*
439 3781 525 3817 Hoc
556 3787 621 3824 est,
655 3778 798 3818 inverse
816 3787 861 3818 ut
880 3783 1070 3832 quadrata
1103 3784 1298 3821 distantia·
1353 3782 1559 3831 sphaericae,
1580 3791 1625 3821 ut
1642 3790 1731 3831 pote
1749 3782 1918 3827 similes,
1935 3772 2027 3818 sunt
2052 3785 2098 3816 ut
2126 3777 2315 3830 quadrata
2331 3789 2391 3813 ra·

258 3846 346 3869 *um
380 3835 666 3885 superficierum
692 3846 716 3870 a
744 3842 883 3872 centro.
945 3835 1048 3873 Nam
1081 3835 1300 3884 superficies
1353 3835 1506 3874 diorum
1526 3849 1593 3875 seu
1613 3835 1878 3874 distantiarum
1898 3847 1922 3872 a
1939 3842 2080 3871 centro.
