2502 4192
261 304 359 349 136
762 298 1326 351 PHILOSOPHIAE
1368 299 1822 352 NATURALIS
1927 300 2111 365 [Mor.
2142 300 2393 353 Conron.

253 438 347 488 &c.
425 437 480 505 (⁵)
508 438 579 488 Et
602 437 684 487 hae
709 439 984 508 gravitates
1021 438 1191 489 ductae
1215 439 1270 489 in
1296 438 1591 489 altitudines
1612 440 1663 489 A
1691 439 1754 501 B,
1789 436 1836 487 B
1861 439 1922 502 C,
1955 439 1999 491 C
2019 441 2099 502 D,
2137 443 2229 492 διο.
2271 460 2392 493 con-

252 526 426 577 ficient
470 527 762 594 pressiones
805 527 855 579 A
885 527 961 590 H,
994 528 1040 579 B
1067 528 1111 590 Ι,
1144 529 1190 580 C
1219 529 1288 591 Κ,
1333 531 1429 582 Sco.
1477 530 1662 598 quibus
1706 529 1920 581 fundum
1968 531 2015 583 A
2043 532 2094 583 T
2121 533 2171 583 V
2216 535 2391 602 (juxta

253 617 548 668 Theorema
576 617 722 683 XV.)
770 628 997 688 urgetur.
1076 619 1306 671 Sustinet
1344 638 1469 690 ergo
1506 619 1760 687 particula
1797 620 1848 670 A
1884 621 2172 688 pressiones
2211 642 2387 676 omnes

249 709 299 759 A
329 709 403 770 H,
437 709 482 759 B
511 708 554 770 I,
586 708 631 759 C
661 708 729 770 K,
758 709 813 777 D
843 708 906 771 L,
952 707 1013 777 (¹³)
1053 710 1321 780 pergendo
1356 711 1411 761 in
1447 711 1736 772 infinitum3
1776 720 1828 762 et
1864 712 2116 779 particula
2157 707 2202 765 Β
2240 732 2385 782 pres-

247 799 415 850 siones
455 818 633 850 omnes
658 809 851 867 praeter
874 800 1097 868 primam
1124 801 1176 851 A
1204 801 1265 852 H
1280 822 1294 863 3
1340 812 1392 854 et
1415 802 1668 871 particula

250 888 294 939 C
321 907 500 940 omnes
536 898 729 957 praeter
768 889 896 939 duas
922 889 1116 956 primas
1143 890 1194 940 A
1222 890 1299 953 H,
1334 892 1381 943 B
1409 892 1464 953 I3
1504 901 1556 943 et
1592 891 1665 942 sic

244 982 517 1050 deinceps:
558 982 781 1051 ideoque
816 981 1087 1049 particulae
1123 983 1307 1049 primae
1352 982 1403 1033 A
1441 982 1668 1033 densitas

245 1074 292 1122 A
323 1073 398 1134 H,
444 1082 521 1123 est
565 1072 631 1122 ad
671 1072 941 1140 particulae
982 1071 1224 1123 secundae
1268 1073 1314 1124 Β
1359 1072 1666 1123 densitatem

244 1162 290 1212 Β
319 1163 343 1213 Ι
372 1173 429 1213 ut
455 1181 656 1213 summa
682 1163 915 1213 omnium
957 1163 1009 1213 A
1037 1162 1098 1213 H
1134 1170 1186 1223 -Ι-
1223 1164 1269 1215 Β
1297 1164 1325 1214 Ι
1358 1171 1411 1224 -ἱ-
1449 1162 1493 1213 C
1518 1162 1570 1213 K
1604 1169 1659 1222 -1-

239 1254 294 1305 Ι)
323 1255 387 1317 L,
417 1256 470 1304 in
496 1255 773 1317 infinitum,
821 1254 888 1305 ad
914 1273 1169 1305 summam
1204 1254 1436 1304 omnium
1465 1253 1512 1304 B
1540 1252 1567 1304 I
1602 1260 1656 1312 -f-

241 1343 286 1394 C
316 1344 368 1395 K
403 1352 456 1406 -Ι-
491 1345 547 1396 D
577 1345 640 1406 L,
671 1347 765 1396 &c.
845 1345 916 1395 Et
950 1344 997 1395 Β
1026 1344 1052 1395 Ι
1080 1344 1306 1395 densitas
1333 1342 1575 1394 secundae
1615 1342 1663 1394 Β

236 1444 313 1485 est
339 1435 405 1485 ad
436 1434 480 1485 C
510 1434 563 1484 K
590 1434 898 1485 densitatem
936 1435 1103 1485 tertiae
1136 1434 1198 1496 C,
1241 1444 1298 1485 ut
1324 1452 1526 1484 summa
1551 1451 1663 1484 om-

234 1524 379 1573 nium
426 1524 472 1575 Β
514 1524 540 1574 Ι
577 1532 628 1584 -l-
668 1524 712 1574 C
755 1524 808 1575 K
844 1533 896 1585 -ἥ-
932 1525 987 1576 D
1028 1526 1092 1587 L,
1147 1527 1241 1576 &c.
1296 1525 1363 1575 ad
1404 1542 1658 1574 summam

233 1614 465 1664 omnium
495 1614 539 1664 C
572 1614 624 1664 K
660 1623 711 1675 4-
747 1614 801 1665 D
825 1614 888 1675 L,
919 1615 1012 1665 &a
1097 1615 1229 1665 Sunt
1253 1614 1411 1684 igitur
1439 1632 1655 1665 summae

231 1704 334 1753 illae
363 1704 670 1754 differentiis
710 1705 817 1755 suis
857 1706 907 1756 A
936 1706 1013 1768 H,
1063 1706 1109 1756 Β
1136 1707 1180 1770 Ι,
1227 1707 1271 1758 C
1301 1707 1370 1768 K,
1412 1709 1507 1759 &a
1545 1725 1670 1774 pro-s

229 1796 564 1864 portionales,
615 1806 768 1865 atque
806 1797 925 1848 iclee
964 1797 1209 1849 continue
1250 1797 1667 1866 proportionales

233 1889 348 1953 (per
373 1886 526 1954 hujus
556 1886 706 1937 Lem.
736 1887 801 1951 I.)
823 1888 1147 1958 proindeque
1166 1887 1471 1940 differentiae
1498 1888 1549 1938 A
1577 1887 1655 1950 H,

229 1975 276 2025 Β
297 1974 341 2037 Ι,
373 1974 418 2025 C
442 1974 511 2036 K,
541 1975 635 2026 διο.
667 1978 879 2027 summis
894 1977 1326 2045 proportionales,
1358 1986 1480 2027 sunt
1500 1976 1655 2027 etiam

225 2070 471 2121 continue
489 2068 925 2139 proportionales.
1009 2068 1189 2129 Quare
1228 2065 1346 2117 cum
1372 2066 1654 2118 densitates

223 2161 277 2211 in
303 2161 428 2211 locis
456 2161 523 2222 A,
555 2161 617 2223 B,
651 2161 711 2222 C,
741 2161 835 2211 δίο.
866 2158 969 2208 sint
995 2167 1053 2208 ut
1079 2158 1129 2208 A
1160 2157 1236 2218 H,
1269 2156 1316 2207 B
1345 2156 1387 2218 I,
1422 2156 1465 2206 C
1497 2156 1566 2217 K,
1608 2158 1701 2208 Sco·
1744 2168 1895 2210 erunt
1920 2158 2076 2210 etiam
2100 2158 2184 2210 hae
2211 2160 2375 2212 conti-

223 2249 326 2300 nue
351 2249 784 2331 proportionales.
862 2247 1120 2318 Pergatur
1144 2264 1239 2315 per
1267 2246 1469 2308 saltum,
1515 2256 1566 2297 et
1592 2266 1658 2298 ex
1683 2266 1834 2317 aequo
1859 2251 1914 2300 in
1944 2250 2197 2302 distantiis
2239 2252 2277 2302 S
2303 2251 2371 2313 A,

225 2343 262 2393 S
291 2340 351 2404 C,
384 2343 420 2393 S
449 2342 495 2394 E
539 2340 781 2392 continue
819 2337 1313 2408 proportionalibus,
1355 2347 1508 2388 erunt
1534 2337 1813 2390 densitates
1854 2341 1896 2390 A
1933 2340 2010 2402 H,
2044 2340 2088 2391 C
2118 2341 2189 2400 K,
2233 2340 2280 2392 E
2309 2341 2374 2392 M

221 2430 463 2482 continue
506 2429 939 2499 proportionales.
1019 2429 1090 2480 Et
1115 2427 1301 2479 eodem
1346 2437 1670 2498 argumento,
1715 2428 1770 2477 in
1810 2427 2065 2479 distantiis
2108 2429 2373 2498 quibusvis

221 2520 463 2571 continue
487 2518 962 2588 proportionalibus
1004 2518 1042 2569 S
1067 2517 1135 2578 A,
1176 2516 1213 2568 S
1239 2516 1312 2577 D,
1357 2516 1394 2567 S
1423 2515 1492 2577 G,
1533 2515 1811 2567 densitates
1850 2516 1901 2566 A
1929 2516 2006 2578 H,
2048 2516 2103 2567 D
2131 2517 2195 2579 L,
2240 2517 2291 2569 G
2321 2518 2372 2570 Ο
2399 2552 2403 2556 -

220 2620 371 2662 erunt
398 2610 639 2662 continue
665 2608 1096 2678 proportionales.
1176 2607 1378 2659 Co'e’ant
1406 2607 1516 2675 jam
1553 2616 1748 2675 puncta
1787 2608 1854 2670 A,
1887 2608 1950 2670 Β,
1985 2608 2045 2670 C,
2077 2609 2149 2670 D,
2181 2607 2244 2671 E,
2275 2611 2370 2661 &a

220 2721 280 2754 eo
307 2713 364 2753 ut
387 2701 686 2771 progressio
705 2683 1012 2771 gravitatum
1037 2698 1396 2768 specificarum
1422 2716 1453 2749 a
1476 2698 1642 2749 fundo
1669 2699 1721 2749 A
1747 2698 1812 2749 ad
1840 2700 2187 2751 summitatem
2223 2700 2372 2751 fluidi

219 2794 462 2845 continua
505 2793 769 2855 reddatur,
816 2801 868 2843 et
910 2792 966 2842 in
1003 2790 1258 2842 distantiis
1304 2789 1570 2860 quibusvis
1613 2788 1856 2841 continue
1893 2791 2370 2857 proportionalibus

223 2887 259 2936 S
285 2886 350 2947 A,
383 2886 420 2937 S
445 2886 518 2947 D,
552 2885 589 2937 S
617 2883 686 2947 G,
716 2883 994 2935 densitates
1022 2882 1073 2934 A
1103 2882 1179 2944 H,
1211 2882 1267 2934 D
1297 2881 1362 2943 L,
1394 2881 1448 2933 G
1477 2880 1546 2942 O,
1576 2899 1782 2949 semper
1809 2881 2088 2933 existentes
2126 2882 2371 2935 continue

218 2971 645 3041 proportionaleS,
674 2971 960 3022 manebunt
979 2970 1262 3022 etiamnum
1290 2967 1536 3020 continue
1561 2969 1994 3037 proportionales.
2073 2971 2142 3032 Q.
2171 2991 2215 3023 e.
2243 2972 2294 3025 d.

293 3063 452 3113 Corol.
530 3060 677 3111 Hinc
702 3060 744 3110 si
770 3059 924 3111 detur
950 3058 1176 3111 densitas
1204 3057 1353 3109 fluidi
1378 3057 1432 3108 in
1459 3056 1663 3110 duobus
1689 3057 1831 3121 lociS,
1859 3057 1987 3126 puta
2012 3060 2063 3111 A
2090 3069 2141 3112 et
2167 3060 2231 3124 E,
2261 3061 2369 3113 col-

215 3221 284 3257 &c-
327 3220 403 3259 sint
430 3220 613 3258 continue
645 3220 956 3270 proportionales,
991 3232 1124 3258 earum
1153 3218 1265 3257 diffe-
1318 3247 1409 3286 cnm
1430 3249 1495 3300 (ex
1510 3248 1722 3298 demonst)
1789 3248 1907 3287 avitas
1924 3262 1942 3287 s
1970 3249 2054 3287 ec.fi
2139 3250 2167 3289 ‚t
2213 3258 2230 3290 t
2250 3221 2347 3260 AH

214 3272 348 3310 rentiae
370 3278 408 3312 A
432 3275 483 3320 B,
507 3275 542 3312 B
566 3275 611 3320 C,
636 3276 668 3312 C
687 3275 740 3321 D,
760 3275 830 3312 &c.
853 3274 946 3323 ipsis
962 3272 1264 3322 proportionales
1691 3277 1699 3285 '
1743 3260 1789 3300 gr
1942 3262 1967 3298 p
2014 3263 2026 3287 ¹
2056 3262 2100 3288 ⁰³
2118 3264 2149 3288 ⁵¹
2183 3264 2212 3290 υ
2252 3275 2362 3326 'It—13⁹

215 3335 339 3384 erunt.
1245 3379 1255 3387 ·
1314 3332 1459 3382 'pressio
1478 3331 1587 3371 fluidi
1606 3333 1818 3382 cylindrici,
1848 3334 1959 3384 cujus
1978 3342 2034 3373 est
2052 3335 2218 3376 altitudo
2249 3340 2286 3378 A
2310 3341 2362 3390 B,

269 3380 320 3429 (¹)
343 3382 362 3403 *
387 3382 442 3417 Ee
470 3382 527 3417 hoe
556 3381 758 3429 gravitates
790 3383 928 3425 ductoe,
962 3380 1031 3417 &c.
1093 3380 1197 3417 Nam
1226 3391 1256 3416 s1
1312 3386 1383 3424 erit
1401 3394 1446 3424 ut
1468 3389 1506 3423 A
1528 3386 1585 3430 H,
1607 3386 1716 3423 etita
1734 3386 1783 3424 de
1801 3387 1959 3425 metetis,

214 3432 367 3480 pondus
385 3432 488 3482 quod
509 3432 678 3470 fundum
707 3432 935 3481 sphaericum
968 3433 1006 3470 A
1030 3432 1066 3470 T
1087 3433 1126 3469 V
1144 3432 1258 3469 susti-

214 3493 291 3531 net,
322 3492 535 3534 exponatur
553 3498 620 3533 per
640 3485 856 3533 cylindrum
876 3488 988 3536 cujus
1005 3485 1104 3523 basis
1131 3497 1257 3534 aequa-
1370 3487 1430 3540 (¹²)
1457 3491 1544 3527 175.
1579 3492 1600 3513 ¹*
1627 3492 1880 3539 Pergendoin
1898 3494 2105 3546 infinitum·
2166 3495 2363 3540 Quoniam

213 3537 261 3576 lis
279 3539 330 3577 sit
347 3537 562 3587 superficiei
586 3539 623 3575 A
648 3538 683 3576 T
705 3539 742 3575 V
768 3547 806 3576 et
824 3538 990 3576 altitudo
1009 3538 1145 3576 eadem
1171 3550 1260 3587 quae
1315 3541 1418 3579 enim
1442 3543 1528 3591 (per
1550 3542 1681 3591 Hyp.)
1712 3542 1878 3582 densitas
1906 3546 2177 3594 compressioni
2203 3561 2362 3598 proper.

213 3591 321 3630 fluidi
342 3592 612 3635 incumbentis,
634 3591 815 3628 volumen
835 3591 945 3629 fluidi
966 3591 1164 3641 cylindrici
1191 3603 1261 3639 pro
1314 3594 1469 3631 tionalis
1498 3602 1565 3637 est,
1600 3596 1668 3633 ubi
1700 3598 1929 3646 compressio
1962 3598 2071 3636 nulla
2102 3600 2239 3646 evadit,
2273 3615 2362 3641 eva..

212 3645 417 3683 altitudine
439 3645 478 3682 A
503 3645 537 3682 B
557 3643 631 3682 erit
653 3645 690 3681 A
715 3644 750 3682 T
772 3645 809 3680 V
826 3649 867 3689 ><
895 3644 933 3682 A
957 3645 1006 3690 B,
1028 3642 1191 3693 ideoque
1210 3645 1260 3681 ob
1314 3646 1437 3684 nescit
1455 3660 1609 3698 quoque
1636 3648 1816 3696 densitas,
1849 3664 1929 3697 seu,
1963 3650 2129 3689 fluidum
2149 3652 2192 3690 fit
2210 3654 2362 3695 infinite

212 3697 340 3735 datam
361 3698 602 3746 superficiem
629 3697 665 3734 A
688 3697 725 3734 T
744 3696 793 3742 V,
811 3697 883 3734 erit
898 3697 1082 3735 volumen
1100 3696 1199 3735 illud
1217 3704 1263 3735 ut
1316 3712 1461 3745 rarum,
1481 3713 1525 3738 ac
1544 3700 1705 3749 proinde
1723 3702 1764 3739 in
1782 3703 1978 3741 infinitum
1997 3704 2249 3754 expanditur-3
2270 3706 2361 3746 cum

215 3751 253 3786 A
281 3752 328 3797 B,
351 3751 629 3799 multiplicetur
647 3748 748 3787 illud
774 3761 842 3797 per
866 3750 1093 3800 gravitatem
1111 3749 1263 3799 specifi·
1317 3752 1414 3790 ratio
1433 3753 1641 3791 voluminis
1666 3755 1717 3792 ad
1743 3756 1912 3795 materiae
1929 3757 2183 3807 quantitatem
2210 3759 2361 3799 infinita

210 3815 295 3840 cam
317 3812 355 3841 et
372 3805 520 3842 factum
541 3803 613 3842 erit
630 3811 677 3841 ut
694 3801 849 3852 pondus
866 3815 935 3841 seu
954 3803 1124 3853 pressi03
1145 3815 1262 3853 quare
1317 3805 1451 3843 evadat
1472 3808 1527 3857 (2.
1554 3806 1641 3845 Lib.
1667 3807 1739 3857 L).
