2502 4192
258 270 360 316 268
800 262 1370 317 PHILOSOPHIAE
1408 262 1860 322 NATURALIS
1938 268 2122 334 [Mo'r.
2152 270 2407 325 Conpon..

256 423 391 474 aqua
414 412 648 473 tempore
672 404 859 456 minuti
885 404 1036 456 unius
1063 405 1275 457 secundi
1301 404 1593 468 descendet,
1633 416 1684 459 et
1707 416 1941 477 tempore
1972 412 2158 465 minuti
2195 415 2404 468 alterius

255 500 469 552 secundi
495 501 767 563 ascendet3
806 510 857 552 et
883 501 954 552 sic
980 501 1225 570 deinceps
1262 501 1460 553 vicibus
1487 501 1697 554 alternis
1722 504 1777 555 in
1801 504 2077 557 infinitum.
2156 505 2232 573 (¹¹¹)
2263 505 2401 556 Nam

253 591 540 659 pendulum
578 590 773 660 pedum
806 592 905 656 3T¹s
938 590 1277 662 longitudinis
1313 601 1548 660 tempore
1588 592 1775 644 minuti
1812 593 1965 645 unius
2003 594 2214 646 secundi
2251 593 2399 646 oscil-

252 679 406 732 latur.
2238 676 2255 689 ⁵

326 769 486 820 Corol.
518 775 565 819 3.
607 765 777 818 Aucta
803 776 977 819 autem
1002 767 1084 819 vel
1110 767 1363 820 diminuta
1400 768 1728 839 longitudine
1762 787 1927 839 aquae,
1969 782 2186 841 augetur
2212 771 2292 824 vel
2318 772 2395 823 di-

252 857 501 908 minuitur
525 865 727 925 tempus
753 856 1172 925 reciprocationis
1198 858 1253 909 in
1276 857 1614 929 longitudinis
1640 858 1840 911 ratione
1874 860 2250 930 subduplicatei.

603 1085 1030 1138 ROPOSITIO
1071 1085 1251 1138 XLV.
1332 1084 1784 1137 THEOREMA
1824 1086 2102 1139 XXXVI.

434 1296 438 1300 ρ
506 1230 762 1281 Undarum
788 1229 1019 1281 velocitas
1045 1239 1116 1281 est
1143 1233 1198 1281 in
1222 1229 1566 1297 subduplicatci
1591 1232 1792 1281 ratione
1816 1232 2152 1283 latitudinum.

324 1372 676 1442 Consequitur
702 1391 770 1424 ex
794 1373 1178 1425 constructione
1208 1372 1584 1441 Propositionis
1620 1374 1892 1443 sequentiS.

649 1582 1122 1636 PROPOSITIO
1163 1582 1371 1634 XLVI.
1450 1581 1881 1634 PROBLEMA
1921 1583 1993 1633 X.

889 1723 1126 1777 Invenire
1151 1726 1456 1777 velocitatem
1480 1726 1742 1775 undarum.

317 1867 677 1920 constituatur
710 1866 998 1935 pendulum
1024 1869 1168 1935 cujus
1194 1864 1485 1936 longitudO,
1512 1864 1648 1916 inter
1672 1873 1927 1933 punctum
1958 1865 2305 1933 suspensionis
2343 1874 2393 1915 et

242 1968 478 2010 centrum
504 1957 851 2021 oscillationis,
882 1966 1119 2027 aequetur
1142 1956 1403 2008 latitudini
1423 1955 1710 2007 undarum:
1739 1965 1791 2007 et
1815 1975 1918 2025 quo
1937 1967 2169 2024 tempore
2193 1955 2392 2023 pendu-

240 2046 351 2097 lum
375 2045 507 2096 illud
531 2045 875 2097 oscillationes
903 2044 1131 2114 singulas
1157 2043 1379 2114 peragit,
1421 2042 1601 2094 eodem
1629 2043 1785 2094 undae
1810 2043 2192 2114 progrediendo
2219 2043 2393 2094 latitu-

240 2136 417 2188 dinem
443 2154 589 2186 suam
614 2136 995 2204 propemodum
1022 2136 1314 2188 conficient.

315 2226 597 2280 Undarum
632 2225 958 2277 latitudinem
996 2244 1126 2277 voco
1163 2244 1462 2277 mensuram
1499 2234 1859 2287 transversam,
1905 2242 2022 2294 quae
2058 2224 2139 2276 vel
2176 2223 2394 2276 vallibus

239 2316 374 2378 imis,
403 2315 486 2367 vel
512 2315 724 2366 summis
752 2314 1064 2366 culminibus
1091 2315 1376 2383 interjacet.
1452 2314 1711 2384 Designet
1744 2314 1793 2364 A
1823 2313 1870 2364 B
1900 2312 1945 2365 C
1972 2313 2027 2364 D
2056 2312 2103 2364 E
2132 2313 2176 2364 F
2215 2330 2396 2379 super-

240 2402 415 2457 ficiem
440 2421 590 2473 aquae
616 2402 919 2474 stagnantiS,
959 2402 1113 2455 undis
1153 2401 1451 2454 successivis
1489 2401 1853 2453 ascendentem
1878 2418 1939 2451 ac
1963 2399 2394 2460 descendentem3

241 2911 445 2981 sintque
471 2912 538 2975 A,
571 2913 633 2975 C,
664 2912 729 2975 E,
758 2912 852 2963 &c.
880 2911 1142 2963 undarum
1168 2911 1408 2974 culmina,
1438 2920 1490 2964 et
1510 2911 1572 2975 Β,
1597 2911 1668 2977 D,
1694 2912 1753 2977 F,
1777 2913 1871 2966 διε.
1898 2911 2056 2983 valles
2082 2906 2392 2964 intermedii.

243 2998 315 3050 Et
340 3000 585 3068 quoniam
609 3010 779 3051 motus
806 2999 1067 3051 undarum
1083 2998 1143 3049 fit
1166 3016 1261 3066 per
1285 3018 1435 3068 aquae
1456 3000 1802 3052 successivum
1822 3019 2090 3052 ascensum
2111 3009 2163 3051 et
2182 2999 2392 3051 descen-

244 3109 376 3153 sum,
418 3092 490 3143 sic
516 3102 576 3143 ut
601 3093 711 3160 ejus
737 3101 911 3159 partes
938 3091 1005 3152 A,
1039 3090 1100 3152 C,
1131 3090 1195 3152 E,
1225 3091 1318 3141 &c.
1347 3109 1464 3159 quae
1490 3109 1628 3142 nunc
1654 3091 1915 3142 altissimae
1941 3100 2075 3153 sunt,
2115 3107 2241 3140 mox
2265 3088 2393 3138 fiant

241 3177 465 3241 infimae3
505 3190 557 3230 et
581 3180 656 3230 vis
683 3180 891 3243 motrix,
934 3177 1034 3249 qua
1060 3188 1233 3247 partes
1260 3179 1521 3231 altissimae
1558 3180 1881 3232 descendunt
1905 3189 1957 3230 et
1980 3178 2175 3229 infimae
2210 3195 2391 3230 ascen-

243 3265 390 3328 dunt,
419 3276 496 3317 est
519 3268 724 3336 pondus
752 3287 901 3338 aquae
927 3267 1166 3330 elevatae3
1205 3267 1433 3320 alternus
1460 3269 1546 3320 ille
1571 3287 1810 3321 ascensus
1837 3278 1887 3320 et
1912 3267 2190 3319 descensus
2215 3265 2390 3318 analo-

242 3374 339 3426 gus
365 3355 463 3407 erit
488 3358 649 3408 motui
675 3358 945 3427 reciproco
971 3376 1120 3428 aquae
1145 3359 1199 3410 in
1225 3360 1409 3423 canali,
1438 3349 1747 3431 easdemque
1772 3360 2019 3430 temporis
2045 3359 2186 3430 leges
2213 3358 2390 3409 obser-

243 3446 412 3498 vabit:
460 3455 511 3497 et
546 3457 825 3515 propterea
864 3452 979 3517 (per
1007 3448 1165 3516 Prop.
1195 3447 1426 3514 XLIV.)
1467 3450 1510 3500 si
1535 3449 1791 3501 distantiae
1826 3450 1962 3501 inter
1994 3447 2251 3499 undarum
2275 3445 2390 3495 loca

244 3537 490 3589 altissima
528 3538 595 3601 A,
628 3539 689 3600 C,
720 3539 767 3590 E
805 3549 858 3592 et
890 3540 1070 3590 infima
1097 3540 1161 3602 B,
1191 3540 1263 3603 D,
1295 3540 1356 3603 F,
1398 3542 1463 3610 (¹¹)
1491 3550 1760 3610 aequentur
1784 3540 1959 3609 duplae
1983 3529 2198 3608 penduli
2222 3534 2389 3606 longi—

301 3690 368 3741 (m)
391 3693 412 3715 ¹*
438 3693 548 3731 Nam
562 3692 775 3741 pendulum
787 3694 874 3740 ped.
898 3682 1002 3745 35¹3,
1019 3705 1090 3730 seu
1102 3691 1188 3741 ped.
1207 3697 1243 3730 3.
1255 3699 1294 3731 et
1348 3692 1490 3732 clinata
1524 3693 1754 3733 habentibus
1789 3691 1972 3731 definivit.
2035 3691 2137 3729 Rem
2173 3687 2391 3740 generalius

246 3740 314 3780 lin.
330 3747 366 3781 8.
381 3742 674 3794 quamproxime
686 3746 795 3795 (471.
814 3744 984 3794 Lib.l.).
1012 3745 1167 3783 Clariss.
1186 3746 1290 3783 Her·
1346 3747 1588 3795 pertractavit
1614 3746 1731 3785 celeb.
1768 3747 1821 3784 D.
1849 3743 2098 3784 Bernoullius
2116 3743 2157 3780 in
2180 3741 2390 3793 Hydrody-

246 3807 387 3834 manus
404 3791 519 3835 Tom.
541 3797 629 3836 III.
650 3798 803 3837 Comm.
826 3797 948 3835 Acad.
971 3798 1126 3847 Petrop.
1144 3805 1296 3837 motum
1349 3799 1512 3838 numici.
1573 3799 1663 3838 Hos
1676 3800 1865 3843 authores,
1887 3798 1919 3836 si
1937 3797 2053 3841 lubet,
2074 3796 2186 3835 adeat
2202 3795 2333 3833 lector.

248 3859 358 3899 aquae
377 3849 418 3887 in
437 3850 541 3889 tubis
558 3863 669 3890 crura
695 3849 985 3903 quomodolibet
1010 3850 1061 3890 ad
1087 3851 1209 3891 basim
1235 3851 1294 3890 in·
1405 3852 1465 3905 (¹¹)
1496 3854 1517 3878 *
1547 3855 1773 3906 AEquencur
1802 3853 1928 3904 duplae
1955 3851 2119 3902 penduli
2147 3848 2385 3899 longitudini.
