2502 4192
807 309 1371 364 PHILOSOPHIAE
1410 311 1862 365 NATURALIS
1974 312 2416 376 [Mor-Comma

296 292 395 353 132

285 446 424 499 tione
450 448 626 518 quavis
652 451 906 521 assignata
934 453 1191 505 distantiae
1217 473 1247 503 a
1272 463 1465 516 centr0‚
1506 463 1564 503 ut
1589 462 1639 503 et
1662 453 1751 504 ubi
1774 453 1992 504 fluidum
2017 471 2219 506 sursum
2255 454 2421 506 rarius

290 548 379 600 est,
409 538 650 590 deorsum
676 539 898 591 densius.
977 542 1046 603 Q.
1074 561 1118 593 e.
1146 543 1197 593 d.

356 627 517 676 Corol.
552 635 595 677 1.
672 628 838 698 Igitur
875 628 1095 680 fundum
1132 638 1490 698 nonurgetur
1526 648 1558 679 a
1593 638 1703 679 toto
1739 627 1885 679 fluidi
1921 628 2263 680 incumbentis
2287 647 2419 697 pon-

278 714 416 775 dere,
459 714 549 765 sed
575 734 688 765 eam
715 716 1040 767 solummodo
1077 717 1321 786 ponderis
1358 726 1559 785 partem
1585 717 1801 768 sustinet
1827 735 1943 786 quae
1967 717 2021 768 in
2053 718 2418 785 Propositione

275 803 580 855 describitur
594 824 609 866 ς
646 805 879 873 pondere
906 807 1104 876 reliquo
1130 826 1160 858 a
1182 807 1328 857 fluidi
1353 806 1520 878 figura
1546 805 1794 857 fornicata
1831 817 2128 859 sustentato.

348 893 509 943 Corol.
538 898 587 943 2.
666 893 730 944 In
767 895 1052 964 aequalibus
1094 905 1264 946 autem
1302 914 1333 946 a
1369 905 1548 947 centro
1585 895 1839 946 distantiis
1879 895 2061 945 eadem
2098 914 2300 964 semper
2337 906 2416 947 est

247 983 546 1050 ¹pressionis
574 985 845 1052 quantita5‚
894 987 953 1054 (e)
983 987 1086 1037 sive
1125 986 1421 1054 superficies
1459 1004 1636 1054 pressa
1674 986 1739 1036 sit
1774 984 2028 1035 horizonti
2051 985 2297 1054 parallela
2331 985 2412 1036 vel

268 1064 710 1140 perpendicularis
749 1074 829 1125 vel
856 1073 1091 1143 obliqua3
1130 1072 1184 1141 (f)
1214 1074 1319 1125 sive
1354 1073 1588 1136 fluidum,
1629 1092 1659 1124 a
1684 1073 1955 1141 superficie
1992 1072 2165 1141 pressa
2203 1092 2406 1125 sursum

269 1163 638 1225 continuatum,
668 1173 843 1234 surgat
868 1164 1362 1233 perpendiculariter
1387 1163 1671 1215 secundum
1694 1163 1883 1214 lineam
1907 1173 2114 1225 rectam,
2143 1164 2224 1214 vel
2250 1163 2409 1231 serpit

266 1253 472 1323 oblique
498 1272 592 1321 per
617 1264 777 1306 tortas
804 1255 1042 1307 cavitates
1068 1264 1120 1306 et
1144 1255 1363 1318 canaleS,
1403 1273 1590 1325 easque
1615 1253 1878 1324 regulares
1913 1253 1995 1304 vel
2029 1254 2252 1305 maxime
2278 1255 2404 1306 irre-
2441 1322 2444 1324 ι

432 1346 463 1382 0

264 1427 459 1476 gravitatis
486 1427 810 1467 acceleratricibus
837 1428 878 1465 in
896 1429 990 1467 locis
1012 1430 1065 1475 D,
1090 1429 1139 1474 B,
1164 1430 1202 1467 A
1222 1442 1309 1478 pro-
1419 1430 1458 1468 Si
1481 1430 1534 1467 vis
1552 1428 1798 1467 acceleratrix
1813 1428 2006 1478 gravitatis
2021 1435 2195 1466 constans
2204 1428 2266 1476 sit,
2287 1442 2402 1468 curva

262 1481 508 1527 portionales‚
530 1481 682 1531 sintque
701 1494 828 1519 curvae
850 1482 885 1519 L
903 1482 921 1519 I
940 1483 980 1519 K
1001 1491 1039 1520 et
1060 1483 1100 1520 N
1118 1484 1154 1521 T
1169 1484 1210 1520 X
1225 1484 1310 1521 loca
1366 1484 1408 1522 X
1429 1484 1465 1521 T
1486 1484 1526 1520 N
1554 1484 1593 1519 in
1621 1490 1762 1520 rectam
1792 1482 1933 1519 lineam
1965 1482 2178 1519 mutabitur
2203 1483 2267 1520 axi
2297 1484 2331 1520 A
2359 1485 2400 1522 D

262 1542 495 1581 punctorum
531 1535 579 1581 L,
603 1535 639 1580 1,
661 1535 715 1580 K,
745 1542 783 1572 et
814 1537 864 1579 N,
889 1537 935 1582 T,
962 1537 1014 1573 X.
1065 1536 1307 1574 Producatur
1360 1536 1593 1585 parallelam,
1642 1536 1788 1585 eritque
1833 1534 1992 1583 proinde
2028 1535 2171 1583 pressio
2207 1535 2318 1573 fluidi
2356 1538 2396 1575 in

268 1586 309 1623 K
333 1589 369 1624 A
390 1588 430 1624 in
455 1589 503 1631 R,
526 1595 571 1625 ut
589 1589 636 1625 sit
656 1601 805 1636 semper
827 1591 865 1627 A
890 1591 926 1626 R
945 1590 1170 1639 rectangulo
1200 1591 1238 1627 A
1263 1591 1303 1626 X
1357 1589 1525 1627 fundum
1543 1590 1581 1626 D
1595 1589 1639 1626 H
1655 1589 1714 1633 M,
1731 1596 1774 1625 ut
1787 1588 1952 1624 fundum
1967 1589 2039 1625 hoc
2051 1596 2088 1625 et
2099 1601 2185 1626 area
2200 1589 2288 1632 DA
2306 1590 2346 1627 K
2362 1589 2398 1628 L

266 1645 308 1684 ><
335 1641 372 1676 Α
393 1641 433 1677 Κ
453 1641 754 1689 proportionaliS,
791 1650 828 1680 et
857 1643 894 1680 R
914 1643 955 1686 Q,
974 1643 1009 1679 P
1041 1655 1156 1679 curva
1187 1655 1303 1692 quam
1357 1642 1617 1692 conjunctim;
1650 1641 1691 1677 in
1719 1640 1790 1678 hac
1818 1640 1921 1677 enim
1949 1642 2161 1690 hypothesi,
2191 1643 2240 1679 ob
2267 1641 2397 1680 datam

263 1700 452 1738 punctum
476 1694 513 1730 R
532 1703 717 1742 perpetuo
735 1696 882 1745 tangit:
908 1704 946 1732 et
964 1698 1105 1744 pressio
1124 1695 1233 1733 fluidi
1262 1695 1302 1732 in
1360 1697 1397 1732 A
1422 1696 1475 1741 K,
1512 1708 1600 1733 area
1634 1695 1675 1732 D
1699 1694 1736 1731 A
1762 1694 1800 1731 R
1823 1694 1858 1731 P
1889 1694 2180 1742 proportionalis
2216 1702 2272 1732 est
2298 1709 2396 1734 areae

262 1745 431 1782 fundum
464 1748 691 1794 sphaericum
728 1748 768 1785 D
801 1749 845 1785 H
876 1749 924 1786 M
961 1749 1031 1786 erit
1062 1756 1106 1785 ut
1134 1748 1303 1786 fundum
1360 1749 1400 1785 D
1424 1749 1461 1785 A
1486 1748 1528 1786 K
1549 1749 1593 1785 L.

267 1798 306 1834 D
332 1799 372 1835 H
398 1799 446 1837 M
464 1808 502 1836 et
521 1812 607 1837 area
638 1801 677 1837 D
702 1801 738 1838 A
763 1802 801 1839 R
824 1802 858 1839 P
886 1801 1136 1851 conjunctim.
1197 1802 1304 1839 Nam

262 1851 404 1898 pressio
431 1852 541 1889 fluidi
569 1853 785 1903 cylindrulo
817 1856 852 1893 B
878 1856 915 1892 A
943 1855 978 1892 G
1004 1855 1035 1892 F
1067 1853 1238 1892 contenti
1264 1855 1306 1891 in

264 1904 384 1941 basim
406 1905 449 1943 D
470 1906 506 1943 E
528 1914 583 1944 est
602 1913 647 1944 ut
664 1907 855 1956 quantitas
873 1907 1042 1945 materiae
1060 1907 1102 1944 in
1120 1907 1199 1945 vim
1216 1919 1304 1958 gra-

1412 1802 1453 1840 Si
1480 1801 1536 1838 vis
1562 1799 1757 1851 gravitatis
1784 1807 1823 1837 et
1850 1799 2016 1837 densitas
2043 1799 2151 1837 fluidi
2177 1808 2394 1839 constantes

1359 1853 1446 1900 sint,
1468 1867 1594 1892 curvae
1615 1854 1651 1890 X
1674 1854 1712 1892 T
1732 1853 1785 1898 N,
1818 1852 1860 1890 K
1883 1852 1900 1889 1
1925 1852 1962 1890 L
1981 1859 2019 1889 et
2042 1853 2080 1890 R
2097 1854 2134 1897 Q
2155 1853 2190 1891 P
2209 1854 2248 1890 in
2275 1862 2396 1892 rectas
2443 1866 2445 1868 ·

1358 1906 1478 1945 lineas
1497 1907 1559 1944 axi
1582 1907 1617 1945 A
1641 1907 1684 1945 D
1702 1905 1903 1955 parallelas
1919 1905 2111 1955 migrant3
2132 1913 2169 1944 et
2187 1905 2275 1945 ideo
2289 1920 2393 1956 pres·

1774 1958 1833 1995 sio
1851 1958 1960 1996 fluidi
1985 1959 2024 1995 in
2046 1958 2215 1997 fundum
2233 1960 2392 2009 sphaeri-

1642 2036 1682 2073 G
1775 2024 1864 2049 cum
1889 2012 1928 2049 D
1951 2012 1995 2049 H
2020 2013 2076 2057 M,
2113 2012 2171 2050 vel
2198 2013 2239 2049 in
2270 2013 2391 2051 basim

1774 2064 1935 2114 cylindri
1958 2065 1998 2102 D
2018 2066 2066 2108 E,
2089 2074 2145 2103 est
2164 2074 2208 2103 ut
2222 2065 2391 2104 fundum

1643 2114 1682 2153 'E'
1773 2117 1872 2155 illud
1893 2118 1934 2155 D
1952 2119 1995 2155 H
2012 2118 2071 2164 M,
2088 2119 2148 2156 vel
2166 2119 2264 2156 basis
2280 2120 2319 2157 D
2338 2120 2388 2166 Ε,

1773 2178 1813 2208 et
1843 2170 2006 2210 altitudo
2033 2171 2142 2209 fluidi
2172 2172 2274 2209 AD
2294 2185 2386 2210 con-

1766 2224 1945 2275 junctim.
2007 2224 2048 2263 Si
2073 2223 2163 2262 vero
2191 2225 2390 2265 conferan-

1771 2284 1836 2314 tur
1854 2277 2019 2328 liquores
2036 2278 2077 2315 in
2096 2290 2135 2316 se
2146 2279 2386 2328 homogenei,

1772 2330 1838 2368 sed
1865 2330 2022 2368 diversae
2046 2331 2145 2368 inter
2162 2344 2202 2369 se
2221 2330 2385 2369 densita.

1770 2383 1831 2429 tis,
1868 2384 2078 2431 pressiones
2108 2391 2222 2421 erunt
2257 2384 2297 2420 in
2325 2397 2385 2421 ra-

1770 2435 1875 2473 tione
1903 2436 2112 2485 composita
2138 2437 2299 2483 basium,
2330 2438 2386 2475 al-

1646 2476 1681 2515 Ε
1767 2488 1976 2526 titudinum
1991 2497 2030 2526 et
2043 2489 2287 2535 densitatum,
2302 2503 2385 2528 mo-

1766 2540 1818 2579 do
1835 2544 2000 2593 gravitas
2017 2542 2261 2581 acceleratrix
2290 2553 2382 2582 con-

1766 2602 1881 2638 stans,
1911 2594 1960 2632 sit
1986 2595 2027 2632 in
2054 2603 2216 2647 utroque
2234 2595 2384 2647 liquore

1766 2647 1948 2698 aequalis3
1992 2660 2082 2687 nam
2118 2649 2151 2686 si
2184 2650 2385 2700 inaequalis

1765 2708 1874 2745 esset,
1893 2702 2105 2748 pressiones
2121 2702 2249 2740 forent
2268 2703 2309 2740 in
2320 2715 2381 2740 rap

1763 2752 1869 2791 tione
1896 2754 2105 2803 composita
2131 2756 2292 2801 basium,
2322 2756 2381 2794 al-

1763 2805 1988 2852 titudinum,
2019 2806 2251 2847 densitatum
2269 2816 2307 2847 et
2326 2809 2379 2847 vi·

1763 2857 1864 2897 rium
1882 2860 2088 2910 gravitatis-

1818 2912 1875 2964 (e)
1899 2915 1918 2936 ⁸
1935 2916 2018 2953 Sive
2031 2917 2241 2970 superficies
2249 2929 2378 2966 pressa

1762 2967 1810 3004 sit
1824 2967 2016 3013 horizonti,
2030 2968 2098 3005 &c.
2157 2971 2178 2993 ²*
2197 2969 2380 3007 Sumatur

1762 3018 1908 3067 quaevis
1942 3020 2129 3069 particula
2156 3021 2256 3059 inter
2281 3021 2380 3060 duos

1761 3073 1870 3110 orbes
1898 3073 2155 3111 concentricos
2194 3070 2230 3112 B
2260 3075 2292 3112 F
2321 3075 2376 3119 K.

253 3104 379 3144 vitatis
397 3108 639 3160 singularum
656 3111 932 3161 particularum
947 3111 1064 3150 ducta
1091 3114 1177 3164 (per
1207 3114 1289 3152 De-

253 3157 348 3196 finit.
376 3161 503 3200 VIII.
530 3164 617 3203 Lib.
644 3164 714 3214 L).
762 3166 967 3210 Quantitas
984 3167 1152 3204 materiae
1170 3167 1290 3216 cylin-

253 3210 322 3247 dro
346 3212 380 3249 B
396 3216 428 3250 A
452 3216 490 3253 G
506 3216 539 3253 F
557 3225 736 3255 contenta
754 3226 810 3256 est
824 3226 867 3256 ut
881 3218 1076 3268 cylindrus
1093 3220 1128 3257 B
1149 3221 1184 3257 A
1204 3220 1242 3258 G
1257 3221 1292 3258 F

253 3271 292 3300 et
318 3263 483 3323 densitas
514 3270 751 3319 conjunctim
785 3273 839 3322 (52.
866 3271 952 3309 Lib.
979 3271 1046 3320 1.)‚
1077 3271 1117 3309 id
1148 3280 1215 3319 est,
1244 3281 1288 3312 ut

253 3317 352 3353 bas1s
365 3319 526 3367 cylindri
551 3323 589 3359 D
607 3324 647 3359 E·
661 3331 699 3360 et
712 3324 979 3374 rectangulum
1003 3326 1039 3361 A
1061 3326 1095 3362 B
1111 3331 1151 3371 ><
1176 3327 1210 3363 A
1228 3326 1281 3364 K.

257 3368 389 3412 Quare
407 3374 549 3420 pressio
567 3374 675 3412 fluidi
694 3376 867 3424 cylindro
888 3378 923 3414 B
947 3378 984 3414 A
1009 3378 1046 3415 G
1069 3378 1102 3415 F
1120 3380 1286 3417 contenti

253 3429 309 3458 est
339 3430 384 3460 ut
410 3426 507 3463 basis
539 3427 579 3463 D
602 3428 638 3464 E
667 3437 705 3466 et
731 3429 897 3467 solidum
929 3432 966 3467 A
990 3431 1025 3468 B
1049 3436 1090 3477 ><
1117 3433 1155 3468 A
1177 3432 1217 3469 K
1241 3439 1282 3479 Χ

256 3476 295 3511 A
320 3475 371 3521 X,
392 3489 460 3514 seu
480 3486 525 3516 ut
542 3480 639 3516 basis
661 3482 702 3519 D
724 3483 760 3519 E
781 3490 819 3519 et
837 3483 1104 3533 rectangulum
1127 3485 1162 3520 A
1186 3485 1221 3522 B
1240 3491 1283 3532 ><

256 3527 294 3564 A
321 3529 357 3565 R
375 3531 623 3580 conjunctim.
677 3534 882 3572 Dividatur
900 3543 979 3573 tota
997 3535 1106 3573 fluidi
1124 3536 1286 3575 altitudo

256 3580 296 3617 D
314 3582 351 3617 A
370 3582 412 3618 in
431 3592 555 3630 partes
572 3585 793 3624 innumeras
811 3596 855 3625 ut
877 3589 915 3625 A
935 3590 980 3632 B,
1002 3596 1039 3626 et
1057 3589 1127 3627 erit
1144 3590 1286 3638 pressio

251 3631 361 3672 fluidi
389 3636 507 3675 totius
533 3636 574 3674 in
602 3639 720 3676 basim
740 3640 902 3689 cylindri
934 3642 973 3679 D
996 3642 1032 3679 E
1061 3643 1121 3680 vel
1138 3643 1179 3679 in
1197 3643 1287 3681 fun-

250 3684 347 3724 dum
367 3690 596 3736 sphaericum
618 3691 658 3728 D
684 3692 725 3728 H
749 3693 808 3737 M,
829 3701 873 3731 ut
891 3695 990 3731 basis
1012 3695 1052 3732 D
1069 3695 1106 3732 E
1126 3695 1186 3733 vel
1197 3696 1288 3734 fun-

250 3738 346 3778 dum
379 3742 420 3779 D
442 3742 487 3782 H
507 3744 556 3781 M
588 3751 626 3782 et
657 3756 744 3782 area
778 3746 819 3783 D
842 3746 878 3783 A
905 3748 943 3785 R
966 3748 1000 3785 P
1031 3748 1278 3800 conjunctim.

253 3791 306 3835 Q·
326 3806 358 3832 e.
375 3793 415 3831 d.

1345 3118 1379 3158 C
1398 3117 1436 3156 G
1451 3116 1501 3162 L,
1522 3117 1590 3157 illa
1606 3119 1792 3166 particula
1808 3137 1876 3172 per
1893 3125 2034 3164 Casum
2051 3129 2088 3165 5.
2109 3126 2222 3174 Prop.
2245 3127 2372 3165 XIX.

1342 3169 1514 3222 undique
1549 3172 1744 3221 aequaliter
1778 3178 1978 3225 premitur,
2017 3191 2109 3229 ergo
2144 3191 2213 3229 per
2248 3179 2377 3218 motus

1344 3222 1443 3283 Leg.
1481 3227 1518 3261 3.
1552 3224 1723 3276 undique
1752 3230 1949 3279 aequaliter
1979 3231 2130 3280 premit,
2170 3233 2375 3280 substitua-

1341 3282 1404 3313 tur
1421 3283 1548 3336 ltaque
1566 3276 1651 3315 loco
1676 3282 1874 3328 particulae
1901 3283 2069 3334 cujusvis
2097 3285 2197 3323 hanc
2224 3286 2375 3323 contin-

1339 3335 1465 3378 gentis
1483 3330 1696 3378 superficies
1722 3335 1877 3384 quaevis,
1911 3335 1987 3374 sive
2013 3336 2268 3383 horizontalis,
2298 3338 2375 3377 sive

1339 3382 1672 3442 perpendiculariS,
1692 3386 1770 3424 sive
1787 3388 1954 3439 obliqua,
1974 3389 2131 3440 aequalis
2149 3391 2270 3429 eritin
2288 3404 2375 3429 eam

1339 3435 1541 3482 pressmnis
1558 3438 1768 3486 quantitas:
1800 3455 1885 3492 ergo
1911 3444 1954 3482 in
1980 3444 2189 3494 :equalibus
2206 3458 2230 3481 a
2249 3452 2373 3483 centro

1339 3488 1533 3532 distantiis,
1563 3490 1633 3527 &c.

1394 3539 1444 3599 (f)
1468 3544 1488 3565 ¹*
1510 3544 1592 3580 Sive
1596 3545 1777 3595 fluidum
1795 3561 1818 3585 a
1837 3550 2032 3601 superficie
2041 3547 2186 3598 Ῑὶνεεεᾶ,
2207 3550 2279 3588 &c.
2333 3550 2373 3588 Si

1339 3591 1503 3631 fluidum
1523 3607 1608 3633 vase
1626 3597 1763 3637 utlibet
1780 3599 1981 3654 irregulari
2002 3601 2038 3639 E
2062 3601 2096 3638 F
2118 3601 2156 3639 G
2178 3602 2221 3639 H
2242 3601 2267 3640 d
2281 3616 2309 3653 g
2322 3603 2344 3640 f
2351 3616 2374 3641 e

1341 3646 1593 3694 contineatur,
1627 3652 1724 3689 vasis
1751 3652 1918 3691 fundum
1940 3653 1985 3691 H
2005 3653 2031 3690 d
2049 3654 2250 3693 sustinebit
2277 3668 2374 3704 pon-

1340 3697 1415 3739 dus
1442 3699 1616 3748 cylindri,
1647 3705 1759 3755 cujus
1784 3706 1884 3744 basis
1910 3705 2068 3756 aequalis
2085 3715 2141 3745 est
2159 3708 2373 3756 superficiei

1336 3750 1450 3789 fundi
1471 3752 1515 3790 H
1535 3753 1573 3801 d,
1594 3762 1632 3793 et
1650 3756 1813 3796 altitudo
1834 3759 1875 3797 D
1893 3759 1932 3796 A
1951 3758 2084 3797 eadem
2099 3772 2186 3810 quae
2203 3759 2312 3799 fluidi
2330 3761 2373 3798 in

1338 3816 1425 3842 vase
1443 3807 1623 3867 contenti.
1686 3810 1834 3850 Iisdem
1851 3811 1954 3850 enim
1973 3811 2116 3862 positis,
2146 3826 2233 3865 quae
2250 3813 2291 3851 in
2305 3813 2372 3852 do-
