2502 4192
164 266 347 320 LIBER
378 269 647 331 SECUND]
726 266 1123 320 PRINCIPIA
1178 269 1799 324 MATHEMATICA.
2200 283 2302 333 137

156 407 247 477 ligi
287 415 459 475 potest
502 407 609 474 ejus
649 406 877 459 densitas
916 409 970 458 in
1009 409 1110 459 alio
1149 411 1330 480 quovis
1368 412 1485 463 loco
1528 415 1595 475 Q.
1678 416 1873 467 Centro
1902 418 1954 480 S,
1996 424 2298 489 asymptotis

155 495 464 565 rectangulis
494 496 530 546 S
559 496 627 557 Q,
661 497 697 548 S
720 497 777 548 X
815 497 1138 549 describatur
1175 498 1466 568 hyperbola
1504 523 1684 556 secans
1720 507 2092 575 perpendicula
2137 511 2187 561 A
2216 512 2294 573 H,

156 585 203 636 E
232 586 310 647 M,
343 586 396 647 Q
422 586 473 637 T
498 586 551 636 in
577 606 622 648 a,
652 606 696 649 e,
725 607 774 657 q,
803 598 860 638 ut
885 599 935 639 et
958 590 1237 658 perpendi-

158 676 273 726 cula
302 675 359 726 H
383 676 455 738 X,
487 676 552 728 M
573 677 639 740 Y,
672 678 723 729 T
750 678 809 740 Ζ,
838 678 904 728 ad
920 690 1248 747 asymptoton

156 765 192 816 S
218 764 274 815 X
301 765 540 828 demissa,
569 767 624 816 in
649 767 701 829 h,
731 785 783 817 m
810 777 861 818 et
887 777 921 818 t.
1000 768 1115 820 Fiat
1130 788 1247 821 area

152 854 204 906 Y
228 873 280 904 m
306 864 327 905 t
355 856 396 906 Z
422 855 489 906 ad
515 875 688 908 aream
714 857 888 908 datam
913 858 1162 910 Yth
1191 870 1248 911 ut

149 963 267 995 area
306 945 424 997 data
468 946 514 997 E
541 965 569 998 e
595 966 629 1016 q
656 947 708 1008 Q
746 947 813 998 ad
851 966 1031 999 aream
1071 948 1244 1001 datam

151 1035 197 1086 E
223 1055 251 1086 e
277 1054 307 1086 a
333 1036 412 1097 A;
453 1045 505 1087 et
545 1035 682 1087 linea
723 1037 765 1088 Z
791 1047 812 1087 t
853 1038 1118 1105 producta
1155 1040 1245 1089 ab·

147 1125 347 1176 scindet
371 1125 561 1176 lineam
590 1126 643 1187 Q
673 1126 723 1177 T
749 1126 989 1178 densitati
1027 1146 1245 1196 propor-

145 1214 405 1266 tionalem.
502 1215 742 1284 Namque
796 1217 838 1266 si
889 1216 1040 1268 lineae
1095 1219 1132 1270 S
1174 1219 1241 1282 A,

150 1305 185 1356 S
215 1305 276 1366 Ε,
309 1306 345 1356 S
373 1305 426 1365 Q
464 1315 584 1355 sunt
609 1306 852 1357 continue
878 1308 1240 1375 proportiona-

146 1392 239 1454 les,
285 1392 339 1462 (1)
368 1402 520 1444 erunt
546 1412 680 1444 areae
708 1394 755 1445 E
781 1413 810 1445 e
835 1413 869 1464 q
897 1395 966 1457 Q,
1010 1396 1057 1447 E
1083 1415 1111 1447 e
1137 1415 1168 1446 a
1194 1398 1245 1448 A

145 1481 384 1551 aequaleS,
431 1492 482 1533 et
518 1483 640 1534 inde
677 1502 812 1535 areae
837 1485 917 1535 his
943 1486 1242 1554 proportio-

141 1571 282 1622 nales
308 1571 360 1623 Y
383 1590 437 1622 m
462 1580 484 1623 t
511 1572 569 1635 Z,
601 1572 658 1624 X
677 1573 713 1624 h
733 1592 786 1624 m
802 1573 856 1624 Y
880 1575 1035 1626 etiam
1061 1594 1236 1645 aequa-

138 1660 228 1723 les,
272 1670 324 1712 et
347 1660 497 1712 lineae
539 1662 576 1713 S
603 1661 676 1725 X,
722 1664 759 1715 S
785 1663 851 1726 Y,
885 1665 921 1716 S
950 1665 1008 1727 Z,
1048 1666 1103 1717 id
1141 1676 1233 1728 est,
1559 1726 1561 1729 f

144 1752 192 1804 A
222 1750 298 1814 H,
342 1752 389 1803 E
418 1751 499 1814 M,
544 1751 598 1813 Q
625 1751 676 1804 T
714 1753 791 1821 (¹¹²)
829 1754 1071 1807 continue
1108 1774 1232 1824 pro-
1387 1758 1415 1794 S
1605 1762 1641 1797 Ζ
1774 1755 1826 1792 Y
2124 1761 2176 1797 X

137 1842 469 1910 portionaleS,
511 1852 569 1894 ut
594 1853 814 1911 oportet.
892 1846 963 1898 Et
1000 1848 1043 1898 si
1075 1847 1227 1900 lineae

141 1933 178 1984 S
206 1934 271 1995 A,
304 1933 340 1984 S
368 1933 432 1996 E,
465 1934 501 1985 S
529 1933 583 1994 Q
608 1933 844 1986 obtinent
881 1936 1038 1987 alium
1076 1936 1305 2007 quemvis
1345 1933 1582 1985 ordinem
1620 1933 1674 1983 in
1713 1933 1843 1984 serie
1884 1931 2127 1983 continue
2164 1950 2287 2000 pro-

134 2022 518 2090 portionalium,
559 2025 710 2077 lineae
750 2027 801 2078 A
830 2027 906 2089 H,
938 2027 985 2078 E
1013 2026 1094 2089 M,
1121 2027 1174 2089 Q
1201 2027 1268 2089 T,
1310 2025 1374 2076 ab
1400 2023 1813 2092 proportionales
1852 2041 1997 2073 areas
2023 2022 2286 2091 hyperbo-

136 2113 277 2177 licas,
326 2117 391 2185 (¹²)
420 2117 730 2170 obtinebunt
766 2119 986 2171 eundem
1027 2119 1264 2171 ordinem
1290 2118 1345 2169 in
1374 2115 1472 2168 alia
1500 2115 1630 2166 serie
1657 2114 2000 2185 quantitatum
2039 2112 2284 2165 continue

132 2206 614 2274 proportionalium.

190 2400 239 2452 (¹)
263 2402 284 2425 ³¹⁵
315 2401 452 2439 Erunt
470 2413 568 2439 areoe
589 2402 629 2439 E
645 2413 665 2439 e
683 2415 706 2452 q
731 2403 775 2447 Q,
797 2402 839 2440 Ε
854 2414 875 2440 e
892 2414 916 2439 a
937 2403 977 2440 A
1004 2403 1181 2452 aequales,
1238 2399 1540 2450 proportionales
1570 2399 1668 2437 areis
1699 2399 1736 2436 E
1766 2411 1787 2436 e
1810 2411 1833 2436 a
1862 2399 1914 2442 A,
1955 2398 1995 2458 Q
2021 2410 2044 2447 q
2073 2410 2096 2435 a
2118 2397 2169 2443 A,
2204 2395 2281 2457 illae

137 2467 205 2504 per
223 2461 303 2491 not.
329 2457 416 2492 379.
444 2453 531 2492 Lib.
560 2454 593 2491 I.
1237 2467 1335 2492 areae
1366 2455 1404 2492 Y
1422 2467 1461 2490 m
1481 2461 1497 2490 t
1517 2454 1560 2498 Z,
1585 2453 1626 2490 X
1646 2454 1671 2489 h
1691 2460 1706 2489 t
1728 2453 1759 2489 Z
1778 2464 1846 2500 per
1864 2450 2076 2488 doctrinam
2097 2450 2280 2500 logarith-

191 2506 257 2558 (¹¹¹)
281 2509 303 2530 ²*
328 2508 514 2546 Continue
526 2509 832 2557 proportionales,
866 2509 978 2560 (5790
1002 2507 1091 2545 Lib.
1121 2507 1180 2557 I.)
1237 2520 1391 2545 morum
1423 2509 1477 2558 (n.
1496 2507 1581 2556 538.)
1603 2512 1785 2554 poterunt
1811 2517 1891 2542 esse
1918 2503 2139 2553 logarithmi
2159 2504 2278 2565 linea-

192 2560 251 2611 (n)
300 2563 321 2584 ²*
373 2561 599 2599 Obtinebunt
643 2564 819 2599 eumdem
865 2563 1051 2606 ordinem,
1102 2562 1172 2599 &c.
1230 2573 1319 2598 rum
1341 2562 1366 2597 S
1390 2561 1439 2603 E,
1474 2561 1499 2597 S
1523 2561 1585 2605 Q;
1620 2559 1710 2596 cum
1743 2571 1835 2608 ergo
1869 2557 2015 2618 eaedem
2045 2564 2279 2606 quantitates

139 2616 160 2636 ¹*
184 2612 345 2650 Etenim
363 2625 461 2650 areae
489 2613 744 2661 hyperbolicae
774 2614 811 2651 E
832 2627 854 2651 e
871 2628 896 2653 a
921 2615 968 2660 A,
995 2615 1036 2659 Q
1051 2626 1075 2664 q
1094 2628 1117 2652 a
1139 2615 1177 2651 A
1231 2613 1378 2664 possint
1410 2627 1491 2651 esse
1520 2613 1740 2663 logan-immi
1774 2620 1853 2648 tam
1882 2618 2140 2660 quantitatum
2177 2611 2203 2648 S
2225 2610 2273 2654 E,

134 2674 227 2703 sunt
253 2665 473 2715 logarithmi
499 2665 690 2703 linearum
720 2667 747 2705 S
769 2668 818 2713 E,
852 2668 878 2705 S
902 2668 952 2714 Q,
982 2675 1021 2705 et
1038 2668 1179 2716 pariter
1236 2669 1261 2704 S
1286 2668 1336 2711 Q,
1368 2668 1484 2717 quam
1504 2666 1762 2715 quantitatum
1799 2666 1825 2703 S
1848 2665 1895 2707 Y,
1922 2664 1949 2700 S
1969 2664 2021 2709 X,
2056 2671 2206 2711 oportet
2231 2671 2277 2701 ut

133 2731 232 2757 areae
266 2718 302 2757 Y
325 2732 364 2756 m
383 2726 399 2756 t
420 2719 464 2765 Z,
500 2720 542 2757 X
561 2720 587 2756 h
606 2726 622 2756 t
643 2720 674 2757 Z
701 2727 792 2758 sunt
817 2720 1037 2771 logan-ithmi
1055 2721 1176 2758 linea-
1232 2721 1313 2757 istae
1346 2720 1575 2770 quantitates
1610 2719 1637 2756 S
1658 2719 1708 2760 E,
1743 2718 1769 2755 S
1791 2718 1826 2755 Y
1846 2727 1884 2754 et.
1907 2718 1933 2754 S
1956 2718 2008 2761 Q,
2043 2718 2068 2754 S
2091 2717 2132 2753 X
2152 2728 2273 2753 corre-

132 2783 223 2809 rum
255 2772 281 2809 S
302 2772 351 2818 Y,
388 2772 415 2810 S
446 2772 500 2818 X,
531 2774 639 2825 (579.
665 2778 754 2813 389.
781 2773 870 2812 Lib.
896 2772 952 2822 Ι.)
987 2773 1054 2811 sed
1085 2773 1175 2812 cum
1229 2773 1456 2822 spondentia
1474 2773 1558 2810 loca
1576 2778 1766 2820 occupent
1785 2770 1823 2807 in
1838 2769 2166 2821 progressionibus
2184 2781 2278 2820 geo-

134 2836 232 2865 areae
254 2824 291 2864 Y
308 2837 349 2863 m
367 2832 383 2864 t
404 2825 448 2873 Z,
471 2826 513 2864 X
533 2828 559 2863 h
578 2834 594 2864 t
613 2827 645 2864 Z
674 2826 750 2865 sint
766 2839 835 2877 per
853 2827 1175 2866 constructionem
1229 2827 1398 2865 metricis
1416 2825 1464 2864 ad
1485 2839 1579 2877 quas
1596 2825 1801 2875 pertinent.
