2502 4192
158 245 347 299 LIBER
364 247 639 311 Secum]
694 247 1094 301 PRINCIPIA
1137 246 1755 298 MATHEMATICA.
2190 261 2293 307 5299

118 432 121 433 γ
153 389 513 442 translationes
551 390 617 440 ab
654 389 890 453 invicem,
931 400 982 441 et
1007 389 1304 457 superficies
1331 389 1591 460 contiguae
1628 389 1678 440 in
1719 390 1906 458 quibus
1932 391 2293 461 impressiones

149 480 298 532 fiunt.

147 568 270 620 cava
297 588 451 638 quam
477 588 542 620 ex
567 580 714 637 parte
740 568 1001 632 convexa;
1037 562 1340 638 praevalebit
1372 568 1644 637 impressio
1668 569 1866 634 fortior,
1895 582 1946 623 et
1969 583 2169 625 motum
2207 594 2291 626 or-

377 481 432 533 Si
457 481 726 549 impressio
752 481 805 531 in
832 482 1012 533 orbern
1048 481 1272 551 aliquem
1307 482 1472 549 maj0r
1497 490 1574 532 est
1599 482 1680 533 vel
1705 482 1876 534 minor
1902 503 1967 534 ex
1994 496 2140 552 parte
2169 506 2292 538 con—

147 657 226 708 bis
253 657 334 709 vel
371 658 678 709 accelerabit
716 659 797 709 vel
833 658 1131 722 retardabit,

143 755 300 813 prout
346 747 401 797 in
441 747 659 798 eandem
698 746 961 817 regionem
1003 766 1122 799 cum

142 833 303 902 ipsius
329 844 474 886 motu
493 835 571 886 vel
586 835 640 885 in
666 836 976 887 contrariam
995 836 1119 888 dirim

141 922 295 993 gitur.
353 923 581 975 Proinde
607 933 663 975 ut
688 924 827 975 orbis
844 926 1119 995 unusquis-

142 1030 243 1080 que
266 1012 320 1062 in
344 1022 489 1063 motu
515 1031 610 1064 suo
646 1012 969 1065 uniformiter
998 1033 1118 1083 per-

141 1114 353 1167 severet,
406 1104 597 1156 debent
644 1105 1006 1173 impressiones
1051 1124 1117 1158 ex

138 1201 286 1261 parte
312 1193 530 1264 utraque
557 1194 654 1246 sibi
678 1195 896 1246 invicem
920 1196 1118 1265 aequari

140 1291 193 1332 et
240 1281 353 1333 fieri
401 1283 456 1333 in
518 1284 756 1353 regiones
818 1284 1114 1337 contrarias,

140 1370 204 1438 (b)
236 1371 395 1423 Unde
432 1389 550 1422 cum
589 1372 953 1440 impressiones
997 1382 1118 1425 sunt

137 1467 195 1509 ut
220 1461 476 1531 contiguae
514 1460 812 1528 superficies
849 1471 901 1512 et
931 1461 1117 1514 harum

137 1554 495 1605 translationes
545 1553 611 1604 ab
665 1554 900 1616 invicem,
964 1562 1116 1605 erunt

134 1644 490 1697 translationes
510 1644 710 1697 inverse
730 1654 784 1697 ut
799 1642 1112 1713 superficieS,

132 1736 233 1787 hoc
287 1746 380 1798 est,
445 1735 646 1787 inverse
700 1747 759 1788 ut
819 1735 1114 1805 superficie-

888 1826 946 1894 (0)
982 1826 1116 1877 Sunt

134 1924 307 1965 autem
333 1914 636 1967 differentiae
652 1926 885 1966 motuum
905 1914 1121 1986 angula-¹

133 1843 249 1875 rum
292 1826 549 1876 distantiae
592 1826 658 1877 ab
698 1844 811 1877 axe.

133 2003 267 2054 rium
292 2004 427 2055 circa
452 2022 603 2055 axem
629 2014 686 2055 ut
711 2003 793 2054 hae
818 2002 1112 2056 translatio-

131 2112 224 2145 nes
250 2096 519 2163 applicatae
544 2095 612 2146 ad
637 2095 918 2159 distantiaS,
959 2095 1063 2147 sive
1089 2105 1147 2148 ut
1183 2099 1544 2153 translationes
1583 2100 1777 2153 directe
1815 2110 1866 2153 et
1903 2100 2160 2153 distantiae
2197 2100 2276 2151 in-

130 2183 304 2246 verse3
348 2184 449 2236 hoc
486 2194 579 2247 est,
626 2185 912 2255 conjunctis
949 2185 1251 2249 rationibus,
1295 2198 1353 2238 ut
1378 2188 1630 2257 quadrata
1655 2188 2017 2240 distantiarum
2055 2188 2272 2240 inverse.

134 2274 311 2337 Quare
348 2276 390 2327 si
426 2274 494 2327 ad
531 2275 749 2328 infinitae
794 2285 948 2328 rectae
988 2278 1025 2329 S
1052 2278 1103 2328 A
1131 2278 1178 2329 B
1208 2278 1253 2330 C
1279 2279 1335 2330 D
1366 2278 1412 2329 E
1441 2278 1495 2340 Q
1529 2288 1702 2347 partes
1742 2279 1967 2350 singulas
2007 2278 2274 2349 erigantur

129 2365 501 2436 perpendicula
528 2367 579 2418 A
605 2386 650 2430 a,
683 2367 729 2419 B
754 2367 806 2429 b,
838 2368 883 2419 C
910 2386 953 2430 c,
984 2368 1038 2419 D
1065 2367 1116 2431 d,
1148 2368 1195 2420 E
1221 2388 1263 2431 e,
1294 2370 1388 2421 &c.
1416 2369 1644 2438 ipsarum
1675 2371 1711 2422 S
1729 2370 1795 2432 A,
1829 2372 1865 2422 S
1890 2371 1951 2432 B,
1985 2371 2022 2421 S
2042 2352 2177 2432 C‚*S
2198 2368 2269 2432 D,

132 2457 169 2507 S
197 2456 261 2518 E,
301 2456 395 2507 &a
424 2457 683 2526 quadratis
709 2456 970 2525 reciproce
995 2458 1417 2526 proportionalia,
1459 2469 1509 2510 et
1533 2478 1627 2527 per
1652 2460 1898 2511 terminos
1925 2459 2271 2528 perpendicu-

129 2545 313 2597 larium
341 2544 461 2596 duci
484 2545 802 2616 intelligatur
839 2546 902 2615 (d)
931 2546 1064 2598 linea
1093 2564 1249 2598 curva
1280 2546 1644 2616 hyperbolica3
1683 2558 1833 2599 erunt
1872 2566 2086 2598 summae
2125 2546 2270 2597 diffe-

184 2684 238 2737 (δ)
261 2687 282 2710 *
315 2688 424 2724 Unde
443 2685 533 2725 cum
564 2687 650 2738 (per
673 2686 805 2737 Hyp.)
836 2686 937 2724 orbis
963 2686 1171 2737 unusquis-

128 2751 204 2789 que
239 2738 281 2775 in
316 2747 426 2776 motu
464 2753 535 2776 suo
576 2740 820 2777 uniformiter
860 2749 1087 2788 perseveret,
1134 2748 1173 2776 et

131 2792 256 2840 proin
245 2792 321 2827 le
311 2793 578 2840 impressiones
597 2805 644 2829 ex
663 2802 825 2843 utraque
852 2802 958 2841 parte
986 2793 1173 2854 cujusque

131 2845 260 2882 or'bis
250 2857 288 2880 m
305 2844 438 2895 plagas
453 2846 660 2882 contrarias
674 2847 786 2882 factae
802 2845 966 2895 aequales
981 2846 1081 2883 sint·
1070 2876 1082 2893 ,
1103 2847 1176 2882 im·

126 2897 345 2946 ‚pressiones
363 2897 454 2943 illae,
473 2898 563 2935 dato
582 2907 765 2946 tempore,
786 2898 884 2936 datae
911 2906 1014 2943 sunt,
1034 2907 1072 2936 et
1090 2898 1177 2936 ide&

129 2950 225 2988 ratio
257 2950 469 2999 composita
500 2963 546 2987 ex
574 2951 784 2988 rationibus
815 2952 1109 2989 translationum
1139 2959 1177 2989 et

129 3004 417 3052 superficierum
448 3004 732 3054 contiguarum,
753 3017 850 3065 quae
869 3012 926 3041 est
945 3012 990 3041 ut
1016 3004 1175 3053 impres-

128 3056 197 3100 sio,
218 3056 306 3094 data
324 3065 391 3093 est.
447 3057 762 3094 Translationes'
752 3059 871 3108 igitur
891 3057 980 3094 dato
998 3065 1171 3119 tempore

128 3110 251 3154 sactae,
273 3118 363 3147 sunt
381 3109 534 3148 inverse
552 3118 597 3147 ut
615 3110 846 3158 superficies,
867 3111 940 3147 hoc
956 3117 1025 3156 est,
1046 3113 1170 3147 inver-

127 3161 168 3200 se
188 3169 232 3199 ut
246 3163 537 3211 superficierum
553 3163 744 3200 distantiae
758 3165 806 3201 ab
824 3176 917 3200 axe:
943 3176 1034 3200 nam
1049 3164 1170 3213 cylin-

128 3215 285 3252 drorum
305 3215 480 3265 ejusdem
500 3216 754 3266 longitudinis
781 3215 1001 3264 superficies
1020 3225 1110 3254 sunt
1129 3224 1174 3254 ut

127 3267 320 3306 distantiae
347 3270 396 3305 ab
425 3281 496 3306 axe
514 3269 689 3317 cylindri,
719 3277 758 3307 et
775 3269 838 3306 hic
857 3281 991 3306 omnes
1011 3269 1171 3319 superfi-

128 3320 204 3358 cies
235 3321 481 3370 cylindricae3
515 3334 602 3371 quae
630 3322 730 3359 circa
756 3334 869 3360 axem
889 3322 1085 3359 infinitum
1112 3335 1171 3360 re-

126 3373 346 3419 volvuntur,
385 3382 477 3411 sunt
507 3373 682 3425 ejusdem
718 3374 975 3425 longitudinis
1011 3374 1173 3413 infinitae

134 3429 222 3497 (per
243 3427 351 3476 Hyp·
362 3426 377 3475 )

181 3479 217 3530 (c
223 3479 239 3529 )
261 3483 283 3504 '³¹‘
300 3484 391 3518 527.
416 3483 513 3519 Sunt
530 3488 659 3519 atacem
672 3483 898 3534 differentioe
911 3489 1089 3520 motuum
1100 3496 1169 3520 an-

122 3535 337 3582 gularium,
375 3534 446 3571 ἃο.
506 3533 643 3570 Motus
680 3533 885 3583 angulares
918 3534 1101 3572 dicuntur
1132 3534 1172 3578 ii,

126 3585 264 3635 quibus
279 3586 433 3636 singula
448 3594 592 3634 puncta
616 3588 665 3632 A,
687 3587 734 3631 B,
757 3587 801 3632 C,
823 3587 875 3632 D,
892 3587 942 3630 E,
966 3588 1036 3624 ἃς.
1059 3587 1174 3624 radiis

127 3638 176 3675 ad
194 3651 305 3676 axem
325 3638 489 3687 cylindri
517 3613 882 3687 perpendicularitei·
900 3640 1028 3676 ductis
1045 3652 1152 3690 angu
1167 3667 1174 3672 -

125 3690 184 3729 los
214 3691 445 3729 describunt.
509 3692 610 3729 Sunt
641 3691 761 3742 igitur
796 3692 930 3742 anguli
969 3692 1028 3729 illi
1065 3692 1173 3742 quasi

126 3744 248 3793 spatia
273 3744 457 3782 uniformi
486 3752 597 3782 motu
624 3744 826 3793 descripta,
863 3752 900 3782 et
927 3743 1017 3785 ide&
1043 3753 1173 3784 motus

127 3796 333 3847 angulares
350 3804 442 3837 sunt
460 3805 506 3836 ut
524 3797 657 3848 anguli
678 3796 856 3848 descripti
869 3797 1011 3837 directe
1025 3805 1063 3837 et
1074 3805 1172 3837 tem-

1227 2699 1321 2735 pora
1339 2686 1479 2736 quibus
1506 2686 1773 2724 describuntur
1801 2685 1957 2727 inverse,
1989 2694 2026 2724 et
2054 2685 2143 2723 dato
2170 2692 2267 2723 tem-

1226 2753 1316 2788 pore
1334 2748 1425 2777 sunt
1442 2748 1487 2777 ut
1505 2740 1639 2790 anguli
1660 2740 1851 2788 descripti.
1911 2739 2032 2784 Hinc,
2061 2738 2151 2776 dato
2170 2745 2266 2775 tem-

1226 2805 1330 2842 pore,
1367 2801 1547 2831 motuum
1577 2793 1823 2843 angularium
1853 2792 2079 2830 differentiae
2106 2799 2197 2828 sunt
2223 2798 2268 2828 ut

1230 2846 1454 2883 differentiae
1494 2847 1729 2896 angulorum
1771 2845 2058 2894 descriptorum,
2099 2845 2172 2881 hoc
2210 2851 2268 2881 est

1233 2903 1341 2950 (154.
1368 2899 1455 2937 Lib.
1483 2876 1570 2948 Ι.)δ
1573 2907 1619 2936 ut
1645 2898 1910 2936 translationes
1937 2905 2170 2946 punctorum
2198 2909 2267 2934 seu

1229 2951 1517 3000 superficierum
1536 2952 1766 2989 abinvicem
1793 2949 1935 2988 directe
1954 2958 1992 2988 et
2010 2950 2201 2988 distantias
2218 2951 2267 2988 ab

1229 3017 1299 3042 axe
1318 3004 1486 3043 inverse:
1526 3017 1616 3042 nam
1644 3005 1909 3043 translationes
1936 3002 2012 3040 illae
2040 3010 2130 3040 sunt
2157 3016 2268 3040 arcus

1224 3058 1428 3095 circulares
1454 3071 1550 3108 quos
1577 3058 1729 3108 singula
1749 3065 1891 3105 puncta
1909 3069 1978 3105 per
1996 3069 2107 3093 suam
2125 3056 2266 3093 veloci-

1223 3118 1341 3148 tatem
1368 3111 1565 3148 relativam
1594 3110 1827 3156 describunt,
1856 3117 1894 3147 et
1921 3109 2112 3147 distantiae
2131 3111 2179 3146 ab
2194 3121 2266 3147 axe.-

1224 3172 1316 3202 sunt
1343 3164 1499 3201 illorum
1533 3176 1692 3201 arcuum
1725 3163 1833 3200 radii.
1896 3163 1972 3201 Sed
2000 3162 2268 3200 translationes

1226 3217 1317 3255 dato
1335 3224 1507 3265 tempore
1525 3217 1647 3262 factae,
1669 3224 1760 3253 sunt
1780 3218 1843 3267 (ex
1864 3215 2096 3260 demonstr.)
2117 3223 2163 3252 ut
2189 3214 2266 3252 dis-

1225 3271 1356 3308 tantiae
1383 3271 1431 3307 ab
1458 3282 1527 3307 axe
1555 3268 1713 3307 inverse.
1776 3267 1908 3313 Quare
1940 3268 2165 3306 differentiae
2182 3280 2266 3305 mo-

1225 3331 1340 3360 tuum
1359 3323 1618 3373 angularium,
1649 3322 1740 3360 dato
1767 3328 1950 3370 tempore,
1984 3328 2075 3360 sunt
2100 3329 2146 3359 ut
2171 3334 2266 3371 qua-

1226 3375 1335 3413 drata
1353 3374 1651 3414 distantiarum
1640 3373 1801 3413 inverse.

1282 3428 1334 3480 (ἀ)
1375 3432 1396 3453 ““
1431 3431 1528 3468 Line
1531 3442 1555 3466 a
1592 3442 1708 3467 curva
1744 3430 1990 3479 hyperbolica.
2063 3426 2261 3472 Quoniam

1227 3475 1412 3519 o‘rdinatae
1444 3482 1481 3519 A
1501 3495 1535 3526 a,
1566 3481 1601 3518 B
1622 3483 1660 3526 b,
1689 3482 1759 3518 διο.
1789 3490 1880 3520 sunt
1897 3480 2044 3519 inverse
2063 3488 2108 3517 ut
2125 3480 2267 3518 abscis-

1228 3547 1358 3571 sarum
1390 3535 1416 3572 S
1439 3536 1490 3580 A,
1524 3535 1551 3572 S
1574 3535 1622 3579 B,
1652 3535 1720 3571 &c.
1743 3535 1952 3584 quadrata3
1982 3541 2172 3570 crescente
2198 3535 2265 3570 ab-

1228 3586 1345 3625 scissa
1365 3600 1409 3625 ac
1428 3587 1510 3624 sine
1537 3586 1615 3624 fine
1641 3587 1855 3636 producta3
1884 3586 2186 3634 correspondens
2204 3598 2266 3622 or-

1227 3639 1360 3678 dinata
1387 3639 1570 3677 decrescit
1587 3647 1626 3677 et
1643 3652 1856 3690 numquam
1884 3639 2085 3685 evanescit,
2115 3646 2154 3675 et
2180 3637 2267 3676 ideo

1229 3701 1333 3730 recta
1363 3693 1389 3731 S
1412 3693 1454 3737 Q
1478 3700 1535 3730 est
1554 3705 1680 3731 curvae
1698 3700 1958 3742 asyrnptotus;
1993 3699 2031 3729 et
2060 3691 2175 3729 simili
2203 3704 2267 3727 ra-

1228 3746 1332 3783 tione
1359 3753 1464 3795 patet
1489 3753 1633 3784 rectam
1660 3758 1728 3795 per
1749 3746 1776 3783 S
1794 3746 1952 3783 ductam
1970 3743 2192 3783 normaliter
2218 3744 2268 3782 ad

1232 3800 1259 3838 S
1282 3799 1324 3844 Q„
1340 3812 1420 3838 csse
1439 3799 1597 3845 alteram
1616 3811 1743 3838 curvae
1762 3805 2034 3850 asymptotum.
