2502 4192
130 303 311 355 L113En
339 302 607 364 secuso]
685 297 1080 351 PRINCIPIA
1123 293 1735 347 MATHEMATICA..
2172 302 2234 345 21

570 520 1038 575 PROPOSITIO
1077 520 1170 572 1v.
1249 500 1679 571 PROBLEMA
1719 518 1792 569 11.

2028 580 2097 593 a.-

124 688 300 740 Posito
323 686 454 754 quod
476 686 549 739 vis
567 684 838 752 gravitatis
864 684 918 733 in
943 684 1103 733 medio
1125 660 1295 750 aliqno
1318 681 1536 732 similari
1560 680 1822 751 uniformis
1846 680 1929 741 sit,
1970 698 2029 730 ac
2069 681 2245 730 tendat

186 773 670 842 perpendiculariter
695 772 766 821 ad
777 772 987 836 planum
1012 770 1286 820 horizontis
1295 797 1314 827 ;
1356 769 1562 836 definire
1586 776 1762 819 motum
1778 766 2060 835 projectilis
2086 768 2141 817 in
2166 785 2247 818 eo-

195 864 317 924 dem,
344 861 668 912 resistentiam
687 860 939 910 velocitati
953 859 1379 925 proportionalem
1389 858 1654 924 patientis.

197 1003 244 1055 E
282 1004 397 1055 loco
434 1003 610 1073 quovis
637 1002 692 1054 D
718 1001 1010 1073 egrediatur
1034 1000 1297 1068 projectile
1324 998 1605 1050 secundum
1639 1000 1827 1050 lineam
1867 999 2098 1068 quamvis
2136 1017 2247 1050 rec-

124 1101 228 1144 tam
253 1091 307 1144 D
337 1093 396 1155 Ρ,
443 1102 493 1143 et
517 1109 609 1160 per
633 1090 1005 1162 longitudinem
1031 1090 1086 1141 D
1116 1089 1159 1140 P
1185 1099 1476 1157 exponatur
1501 1088 1731 1157 ejusdem
1757 1089 1997 1141 velocitas
2026 1089 2122 1141 sub
2147 1090 2246 1141 ini-

127 1179 201 1231 tio
240 1190 424 1231 motus,
501 1179 549 1230 A
598 1188 791 1246 puncto
837 1178 881 1229 P
931 1177 996 1228 ad
1045 1177 1233 1228 lineam

127 1266 494 1318 horizontalem
533 1266 587 1318 D
618 1267 662 1318 C
701 1267 766 1334 (X)
794 1266 1089 1317 demittatur
1114 1284 1234 1334 per-

127 1357 459 1425 pendiculum
488 1358 531 1409 P
550 1357 610 1420 C,
641 1367 690 1408 et
715 1366 911 1408 secetur
939 1357 992 1408 D
1017 1355 1060 1407 C
1087 1356 1141 1406 in
1167 1357 1234 1418 A,

129 1455 186 1498 ut
225 1447 289 1514 (5)
318 1446 381 1497 sit
406 1447 459 1497 D
487 1447 537 1497 A
580 1446 645 1497 ad
683 1447 733 1497 A
762 1446 806 1497 C
850 1456 907 1496 ut
949 1447 1237 1499 resistentia

128 1535 300 1598 medii,
360 1526 433 1587 ex>
473 1546 617 1588 motu
666 1537 720 1586 in
769 1537 1087 1589 altitudinem
1140 1539 1235 1592 sub

2068 1245 2114 1298 Z

129 1626 275 1678 initio
330 1637 456 1689 orta,
521 1638 572 1678 et
627 1628 730 1678 vim
796 1630 1085 1697 gravitatis3
1153 1630 1236 1681 vel

128 1714 192 1782 (²)
233 1714 392 1783 (quod
417 1714 630 1783 perinde
657 1717 753 1781 est)
792 1727 849 1768 ut
874 1718 938 1769 sit
962 1727 1234 1789 rectangu-

129 1804 237 1856 lum
264 1807 359 1857 sub
385 1806 439 1858 D
462 1807 511 1858 A
538 1817 588 1858 et
614 1807 667 1858 D
697 1808 741 1859 P
778 1808 842 1858 ad
881 1809 1235 1879 rectangulum

127 1893 223 1944 sub
251 1894 301 1945 A
329 1893 374 1945 C
400 1903 450 1945 et
478 1894 523 1946 C
552 1895 595 1946 P
621 1903 678 1946 ut
703 1897 988 1948 resistentia
1013 1906 1118 1949 tota
1139 1898 1234 1949 sub

125 1983 271 2035 initio
290 1993 458 2036 motus
486 1983 551 2036 ad
573 1985 673 2035 vim
692 1986 970 2056 gravitatis,
1010 1986 1233 2056 Asymp-

128 2073 246 2125 totis
273 2073 327 2125 D
357 2068 417 2136 C,
449 2073 493 2125 C
523 2074 567 2126 P
604 2074 920 2127 describatur
952 2074 1235 2145 hyperbola

127 2162 321 2232 quaevis
350 2162 403 2215 G
430 2163 481 2214 T
509 2163 554 2214 B
582 2164 619 2216 S
655 2182 831 2216 secans
867 2165 1234 2234 perpendicula

127 2252 181 2303 D
210 2252 278 2314 G,
320 2253 370 2304 A
398 2252 444 2304 B
477 2254 530 2304 in
559 2253 612 2306 G
637 2263 687 2305 et
715 2253 788 2315 B;
830 2264 880 2307 et
917 2256 1234 2324 compleatur

128 2341 664 2413 parallelogrammum
713 2344 767 2395 D
805 2343 858 2395 G
901 2343 952 2395 K
993 2344 1038 2396 C
1087 2346 1231 2415 cujus

126 2431 260 2482 latus
289 2430 342 2483 G
371 2430 423 2482 K
449 2442 584 2483 secet
609 2432 658 2483 A
688 2432 733 2484 B
758 2433 811 2483 in
839 2433 907 2494 Q.
985 2434 1232 2502 Capiatur

123 2521 260 2573 linea
299 2521 352 2573 N
388 2521 441 2572 in
478 2521 674 2574 ratione
711 2522 777 2574 ad
816 2523 869 2585 Q
897 2523 942 2574 B
977 2523 1075 2593 qua
1102 2525 1156 2577 D
1186 2524 1231 2576 C

125 2611 188 2662 sit
214 2610 280 2662 ad
309 2610 354 2663 C
378 2611 422 2662 P
435 2630 449 2671 3
488 2620 538 2662 et
563 2611 628 2662 ad
654 2622 807 2665 rectae
833 2614 888 2666 D
912 2615 956 2667 C
981 2628 1231 2686 punctum

122 2700 337 2769 quodvis
381 2701 430 2752 R
468 2711 637 2754 erecto
675 2705 1042 2772 perpendiculo
1084 2709 1133 2760 R
1161 2710 1227 2773 T,

124 2789 263 2859 quod
287 2789 585 2860 hyperbolae
610 2791 664 2843 in
690 2792 757 2854 T,
786 2804 836 2846 et
861 2796 1010 2847 rectis
1040 2798 1087 2849 E
1107 2799 1181 2863 H,
1213 2801 1267 2853 G
1295 2802 1364 2865 K,
1393 2802 1447 2854 Ι)
1472 2803 1516 2854 Ρ
1541 2803 1594 2853 in
1622 2803 1666 2865 Ι,
1694 2812 1715 2854 t
1741 2812 1791 2854 et
1818 2803 1869 2853 V
1894 2814 2157 2868 occurrat;
2197 2807 2252 2858 in

124 2944 185 2982 eo
210 2945 336 2997 cape
362 2929 412 2980 V
430 2947 457 2980 r
482 2930 730 2999 aequalem
751 2884 951 3023 t—{J—Tss
991 2936 1071 2987 vel
1098 2938 1161 3005 (ἢ)
1189 2941 1328 3008 quod
1353 2939 1569 3008 perinde
1596 2951 1688 3002 est,
1717 2959 1842 3009 cape
1873 2942 1921 2992 R
1949 2961 1974 2993 r
1999 2941 2250 3011 aequalem

153 3103 238 3166 ⁴(¹)
267 3105 289 3130 *²
318 3102 555 3148 Demittatur
567 3111 877 3159 perpendiculum
899 3113 989 3161 PC',
1011 3119 1049 3151 et
1062 3125 1157 3164 quo-
1212 3123 1250 3153 et
1267 3116 1357 3154 cum
1376 3116 1419 3154 fit
1441 3117 1481 3154 D
1505 3118 1541 3154 A
1562 3116 1610 3155 ad
1633 3119 1670 3155 A
1694 3118 1727 3156 C
1755 3125 1799 3155 ut
1826 3118 2036 3156 resistentia
2054 3120 2173 3157 medii
2202 3134 2250 3159 ex

125 3168 229 3194 mam
251 3157 291 3195 D
314 3158 349 3196 P
379 3160 535 3207 exponit
552 3161 790 3200 velocitatem
808 3164 1051 3214 projectionis
1073 3168 1105 3206 C
1125 3168 1159 3206 P
1211 3176 1321 3207 motu
1339 3170 1379 3206 in
1399 3169 1641 3207 altitudinem
1670 3170 1719 3207 ad
1746 3171 1822 3207 vim
1850 3171 2046 3221 gravitatis
2078 3174 2163 3223 (per
2181 3175 2251 3225 hy-

126 3217 291 3258 exponet
308 3211 545 3250 velocitatem
563 3213 788 3257 verticalem‚
810 3223 848 3254 et
869 3217 910 3255 D
929 3218 961 3257 C
981 3218 1158 3258 velocita-
1210 3222 1429 3272 pothesim)‚
1463 3223 1533 3262 erit
1559 3236 1627 3271 per
1651 3224 1966 3272 compositionem
1995 3226 2188 3263 rationum
2213 3235 2252 3265 et

126 3267 203 3298 tem
221 3262 506 3308 horizontalem,
527 3277 594 3313 per
615 3266 711 3318 Leg.
737 3267 874 3307 Motfis
896 3270 983 3309 Cor.
1007 3275 1040 3309 1.
1060 3279 1098 3310 et
1117 3277 1153 3310 2.
1212 3286 1258 3312 ex
1288 3287 1399 3325 aequo
1432 3275 1472 3312 D
1495 3276 1533 3313 A
1556 3281 1598 3322 ><
1625 3276 1665 3313 D
1689 3276 1722 3313 P
1742 3275 1790 3314 ad
1813 3277 1850 3313 A
1874 3277 1906 3315 C
1929 3282 1970 3323 Χ
1999 3278 2031 3315 C
2055 3278 2089 3315 P
2120 3287 2164 3317 ut
2191 3292 2250 3317 re-

180 3312 238 3363 (Ὺ)
261 3316 282 3338 ²*
312 3318 364 3354 Ut
380 3318 427 3355 sit
444 3319 488 3355 D
506 3319 545 3356 A
558 3320 608 3356 ad
635 3321 673 3357 A
695 3323 728 3360 C
749 3328 794 3359 ut
820 3323 1037 3371 resistentia,
1070 3326 1156 3370 Bm..
1211 3326 1381 3366 sistentia
1408 3335 1487 3367 tota
1505 3340 1552 3366 ex
1571 3335 1680 3366 motu
1700 3329 1943 3380 projectionis
1961 3329 2010 3368 ad
2029 3331 2106 3369 vim
2125 3333 2250 3383 gravi-

127 3372 206 3411 aut‚
226 3367 329 3416 quod
345 3367 449 3405 idem
467 3377 524 3407 est
550 3371 636 3421 (per
656 3373 744 3410 Cor.
773 3377 804 3410 1.
833 3374 948 3423 Ptop.
975 3376 1086 3426 III.)
1114 3385 1160 3418 ut
1211 3380 1310 3418 tatis.

128 3417 177 3455 sit
197 3418 244 3479 D·
261 3420 298 3456 A
329 3419 378 3457 ad
409 3421 446 3458 A
470 3421 502 3460 C
530 3430 575 3460 ut
592 3423 768 3463 velocitas
786 3427 973 3466 verticalis
995 3430 1027 3468 C
1049 3430 1085 3468 P
1110 3430 1160 3469 ad
1266 3432 1326 3484 (a)
1349 3435 1370 3457 ¹*
1402 3436 1465 3472 Vel
1475 3437 1574 3484 quod
1589 3433 1747 3483 perinde
1766 3443 1830 3480 esc,
1851 3449 1940 3485 cape
1963 3438 1999 3474 R
2014 3451 2035 3473 r
2052 3440 2249 3487 aequalem,

128 3468 364 3510 velocitatem
382 3485 590 3512 maximam
610 3488 677 3514 seu
695 3478 947 3518 terminalem.
1215 3485 1283 3522 &c.
1346 3484 1448 3524 Com
1477 3487 1580 3523 enim
1610 3486 1659 3524 sit
1697 3487 1783 3537 (per
1815 3488 1926 3537 hyp.)
1962 3488 2030 3527 N:
2057 3490 2094 3532 Q
2125 3491 2160 3527 B
2193 3506 2249 3525 =

183 3522 244 3574 (Ζ)
275 3528 296 3548 *
334 3527 394 3564 Vel
412 3525 700 3577 (quodperinde
717 3535 792 3582 est)
820 3540 863 3571 ut
889 3535 936 3571 sit
961 3542 1159 3585 rectangu-
1217 3538 1259 3575 D
1283 3538 1343 3576 C:
1373 3539 1405 3576 C
1429 3539 1477 3586 P,
1498 3547 1536 3576 et
1558 3540 1598 3576 D
1622 3540 1683 3577 C:
1712 3540 1744 3578 C
1768 3540 1803 3578 P
1821 3557 1877 3577 =
1901 3542 1941 3578 D
1966 3541 2033 3579 R:
2062 3543 2100 3579 R
2123 3543 2172 3585 V,
2201 3543 2250 3579 ob

129 3575 222 3619 lum,
244 3576 312 3614 διο.
372 3578 477 3616 Nam
496 3578 585 3617 cum
604 3580 652 3618 sit
672 3582 713 3619 D
735 3583 770 3620 P
795 3583 844 3622 ad
874 3585 907 3624 C
931 3586 965 3624 P
990 3593 1035 3625 ut
1052 3587 1155 3625 velo-
1210 3589 1403 3642 triangula
1421 3591 1560 3629 similia
1581 3592 1622 3630 D
1646 3593 1685 3630 R
1706 3593 1755 3637 V,
1782 3594 1822 3631 D
1846 3594 1878 3632 C
1902 3594 1959 3639 P;
1980 3594 2051 3631 erit
2071 3595 2133 3632 N:
2158 3595 2199 3638 Q
2214 3595 2249 3631 B

131 3625 224 3664 citas
241 3635 320 3688 tota
338 3630 578 3680 projectionis
605 3632 654 3671 ad
672 3634 907 3676 velocitatem
926 3640 1156 3687 verticalem,
1643 3677 1654 3685 .
1947 3647 1988 3683 D
2013 3648 2050 3684 R
2072 3652 2114 3691 Χ
2140 3647 2179 3690 Q
2198 3647 2232 3683 Β

130 3689 174 3716 ac
200 3680 359 3728 prolude
376 3695 421 3720 ex
441 3683 527 3735 lege
543 3685 763 3725 resistentiae
782 3698 826 3726 ut
843 3691 1053 3730 resistentia
1080 3700 1159 3732 tota
1211 3690 1267 3711 =
1287 3675 1327 3713 D
1351 3675 1389 3714 R
1410 3691 1418 3714 ²
1447 3677 1486 3714 R
1507 3677 1558 3724 V’
1587 3685 1624 3721 et
1642 3677 1729 3716 ¹de⁰
1752 3679 1790 3717 R
1812 3679 1850 3716 V
1867 3695 1924 3715 =
2070 3712 2111 3748 N
2235 3706 2245 3716 ”

128 3731 202 3787 sub
218 3730 329 3772 initio
346 3734 656 3776 adresistentiam
668 3752 714 3778 ex
727 3748 835 3781 motu
849 3742 889 3780 in
901 3743 1157 3793 altitudinem,
1218 3759 1292 3798 Sed
1319 3762 1588 3813 rectangulum
1625 3763 1661 3801 G
1685 3763 1720 3801 E
1746 3764 1765 3801 1
1786 3771 1802 3802 t
1828 3780 1884 3801 =
1915 3765 1950 3802 G
1971 3771 1986 3801 t
2008 3769 2048 3810 ><
2077 3764 2114 3802 G
2136 3765 2172 3802 E
2192 3781 2248 3802 =

1145 3829 1181 3866 B
1200 3833 1226 3866 3
