<?xml version="1.0" encoding="UTF-8"?>
<!DOCTYPE html PUBLIC "-//W3C//DTD XHTML 1.0 Transitional//EN"
    "http://www.w3.org/TR/xhtml1/DTD/xhtml1-transitional.dtd">
<html xmlns="http://www.w3.org/1999/xhtml" xml:lang="en" lang="en">
 <head>
  <title>
</title>
<meta http-equiv="Content-Type" content="text/html;charset=utf-8" />
  <meta name='ocr-system' content='tesseract 3.04.00' />
  <meta name='ocr-capabilities' content='ocr_page ocr_carea ocr_par ocr_line ocrx_word'/>
</head>
<body>
  <div class='ocr_page' id='page_1' title='image "./philonatrualprin02newtrich_0158.png"; bbox 0 0 2502 4192; ppageno 0'>
   <div class='ocr_carea' id='block_1_1' title="bbox 270 318 2418 387">
    <p class='ocr_par' dir='ltr' id='par_1_1' title="bbox 270 318 2418 387">
     <span class='ocr_line' id='line_1_1' title="bbox 270 318 2418 387; baseline 0.001 -15"><span class='ocrx_word' id='word_1_1' title='bbox 270 328 371 372; x_wconf 74' lang='lat'>146</span> <span class='ocrx_word' id='word_1_2' title='bbox 810 318 1377 372; x_wconf 87' lang='lat' dir='ltr'>PHILOSOPHIAE</span> <span class='ocrx_word' id='word_1_3' title='bbox 1418 319 1873 375; x_wconf 85' lang='lat' dir='ltr'><strong>NATURALIS</strong></span> <span class='ocrx_word' id='word_1_4' title='bbox 1959 319 2418 387; x_wconf 66' lang='lat' dir='ltr'>[Mor-Comma.</span> 
     </span>
    </p>
   </div>
   <div class='ocr_carea' id='block_1_2' title="bbox 250 465 2419 1268">
    <p class='ocr_par' dir='ltr' id='par_1_2' title="bbox 250 465 2419 1268">
     <span class='ocr_line' id='line_1_2' title="bbox 271 465 2419 546; baseline 0.001 -29"><span class='ocrx_word' id='word_1_5' title='bbox 271 465 587 535; x_wconf 88' lang='lat' dir='ltr'>Exemplum</span> <span class='ocrx_word' id='word_1_6' title='bbox 613 466 865 516; x_wconf 89' lang='lat' dir='ltr'>habemus</span> <span class='ocrx_word' id='word_1_7' title='bbox 891 466 945 514; x_wconf 92' lang='lat' dir='ltr'>in</span> <span class='ocrx_word' id='word_1_8' title='bbox 972 466 1274 533; x_wconf 85' lang='lat' dir='ltr'>corporibus</span> <span class='ocrx_word' id='word_1_9' title='bbox 1299 465 1619 546; x_wconf 62' lang='lat' dir='ltr'>magneticiS.</span> <span class='ocrx_word' id='word_1_10' title='bbox 1699 466 1909 518; x_wconf 90' lang='lat' dir='ltr'>Horum</span> <span class='ocrx_word' id='word_1_11' title='bbox 1946 467 2110 519; x_wconf 88' lang='lat' dir='ltr'>virtus</span> <span class='ocrx_word' id='word_1_12' title='bbox 2148 467 2419 520; x_wconf 84' lang='lat' dir='ltr'>attractiva</span> 
     </span>
     <span class='ocr_line' id='line_1_3' title="bbox 265 553 2417 629; baseline 0.001 -22"><span class='ocrx_word' id='word_1_13' title='bbox 265 556 572 607; x_wconf 87' lang='lat' dir='ltr'>terminatur</span> <span class='ocrx_word' id='word_1_14' title='bbox 597 553 704 605; x_wconf 73' lang='lat' dir='ltr'>fere</span> <span class='ocrx_word' id='word_1_15' title='bbox 731 554 784 603; x_wconf 91' lang='lat' dir='ltr'>in</span> <span class='ocrx_word' id='word_1_16' title='bbox 811 554 889 604; x_wconf 92' lang='lat' dir='ltr'>sui</span> <span class='ocrx_word' id='word_1_17' title='bbox 914 557 1120 624; x_wconf 89' lang='lat' dir='ltr'>generis</span> <span class='ocrx_word' id='word_1_18' title='bbox 1145 556 1452 624; x_wconf 87' lang='lat' dir='ltr'>corporibus</span> <span class='ocrx_word' id='word_1_19' title='bbox 1481 556 1578 606; x_wconf 88' lang='lat' dir='ltr'>sibi</span> <span class='ocrx_word' id='word_1_20' title='bbox 1602 557 1870 624; x_wconf 85' lang='lat' dir='ltr'>proximis.</span> <span class='ocrx_word' id='word_1_21' title='bbox 1946 558 2212 629; x_wconf 83' lang='lat' dir='ltr'>Magnetis</span> <span class='ocrx_word' id='word_1_22' title='bbox 2254 559 2417 610; x_wconf 88' lang='lat' dir='ltr'>virtus</span> 
     </span>
     <span class='ocr_line' id='line_1_4' title="bbox 262 646 2414 717; baseline 0.001 -19"><span class='ocrx_word' id='word_1_23' title='bbox 262 667 355 717; x_wconf 88' lang='lat' dir='ltr'>per</span> <span class='ocrx_word' id='word_1_24' title='bbox 381 647 738 715; x_wconf 82' lang='lat' dir='ltr'>interpositam</span> <span class='ocrx_word' id='word_1_25' title='bbox 775 646 1021 697; x_wconf 89' lang='lat' dir='ltr'>laminam</span> <span class='ocrx_word' id='word_1_26' title='bbox 1045 646 1168 698; x_wconf 87' lang='lat' dir='ltr'>ferri</span> <span class='ocrx_word' id='word_1_27' title='bbox 1195 647 1533 711; x_wconf 82' lang='lat' dir='ltr'>contrahitur,</span> <span class='ocrx_word' id='word_1_28' title='bbox 1574 659 1625 699; x_wconf 89' lang='lat' dir='ltr'>et</span> <span class='ocrx_word' id='word_1_29' title='bbox 1650 649 1704 698; x_wconf 88' lang='lat' dir='ltr'>in</span> <span class='ocrx_word' id='word_1_30' title='bbox 1729 647 1920 700; x_wconf 65' lang='lat' dir='ltr'>lamina</span> <span class='ocrx_word' id='word_1_31' title='bbox 1945 647 2052 700; x_wconf 77' lang='lat' dir='ltr'>fere</span> <span class='ocrx_word' id='word_1_32' title='bbox 2091 648 2414 702; x_wconf 88' lang='lat' dir='ltr'>terminatur.</span> 
     </span>
     <span class='ocr_line' id='line_1_5' title="bbox 264 739 2415 810; baseline -0 -18"><span class='ocrx_word' id='word_1_33' title='bbox 264 741 402 792; x_wconf 90' lang='lat' dir='ltr'>Nam</span> <span class='ocrx_word' id='word_1_34' title='bbox 429 758 648 807; x_wconf 88' lang='lat' dir='ltr'>corpora</span> <span class='ocrx_word' id='word_1_35' title='bbox 673 739 918 790; x_wconf 85' lang='lat' dir='ltr'>ulteriora</span> <span class='ocrx_word' id='word_1_36' title='bbox 943 757 1050 790; x_wconf 90' lang='lat' dir='ltr'>non</span> <span class='ocrx_word' id='word_1_37' title='bbox 1075 750 1182 790; x_wconf 85' lang='lat' dir='ltr'>tam</span> <span class='ocrx_word' id='word_1_38' title='bbox 1208 759 1239 790; x_wconf 88' lang='lat' dir='ltr'>a</span> <span class='ocrx_word' id='word_1_39' title='bbox 1262 753 1503 810; x_wconf 85' lang='lat' dir='ltr'>magnete</span> <span class='ocrx_word' id='word_1_40' title='bbox 1529 759 1684 810; x_wconf 88' lang='lat' dir='ltr'>quam</span> <span class='ocrx_word' id='word_1_41' title='bbox 1709 760 1740 791; x_wconf 88' lang='lat' dir='ltr'>a</span> <span class='ocrx_word' id='word_1_42' title='bbox 1758 739 1949 791; x_wconf 66' lang='lat' dir='ltr'>lamIna</span> <span class='ocrx_word' id='word_1_43' title='bbox 1974 740 2266 792; x_wconf 85' lang='lat' dir='ltr'>trahuntur.</span> <span class='ocrx_word' id='word_1_44' title='bbox 2325 740 2415 791; x_wconf 91' lang='lat' dir='ltr'>Ad</span> 
     </span>
     <span class='ocr_line' id='line_1_6' title="bbox 261 831 2412 903; baseline -0 -20"><span class='ocrx_word' id='word_1_45' title='bbox 261 832 483 883; x_wconf 85' lang='lat' dir='ltr'>eundem</span> <span class='ocrx_word' id='word_1_46' title='bbox 510 831 726 882; x_wconf 88' lang='lat' dir='ltr'>modum</span> <span class='ocrx_word' id='word_1_47' title='bbox 754 832 796 882; x_wconf 91' lang='lat' dir='ltr'>si</span> <span class='ocrx_word' id='word_1_48' title='bbox 821 832 1090 900; x_wconf 80' lang='lat' dir='ltr'>particulae</span> <span class='ocrx_word' id='word_1_49' title='bbox 1115 831 1298 901; x_wconf 87' lang='lat' dir='ltr'>sugant</span> <span class='ocrx_word' id='word_1_50' title='bbox 1323 832 1447 888; x_wconf 89' lang='lat' dir='ltr'>alias</span> <span class='ocrx_word' id='word_1_51' title='bbox 1472 833 1576 884; x_wconf 87' lang='lat' dir='ltr'>suis</span> <span class='ocrx_word' id='word_1_52' title='bbox 1591 832 1795 903; x_wconf 85' lang='lat' dir='ltr'>generis</span> <span class='ocrx_word' id='word_1_53' title='bbox 1821 831 2098 900; x_wconf 86' lang='lat' dir='ltr'>particulas</span> <span class='ocrx_word' id='word_1_54' title='bbox 2125 832 2223 882; x_wconf 89' lang='lat' dir='ltr'>sibi</span> <span class='ocrx_word' id='word_1_55' title='bbox 2247 849 2412 899; x_wconf 81' lang='lat' dir='ltr'>prox-</span> 
     </span>
     <span class='ocr_line' id='line_1_7' title="bbox 258 921 2410 989; baseline 0.001 -18"><span class='ocrx_word' id='word_1_56' title='bbox 258 921 402 983; x_wconf 89' lang='lat' dir='ltr'>imas,</span> <span class='ocrx_word' id='word_1_57' title='bbox 442 923 496 972; x_wconf 90' lang='lat' dir='ltr'>in</span> <span class='ocrx_word' id='word_1_58' title='bbox 522 922 801 989; x_wconf 87' lang='lat' dir='ltr'>particulas</span> <span class='ocrx_word' id='word_1_59' title='bbox 829 933 1002 973; x_wconf 89' lang='lat' dir='ltr'>autem</span> <span class='ocrx_word' id='word_1_60' title='bbox 1029 923 1332 974; x_wconf 82' lang='lat' dir='ltr'>remotiores</span> <span class='ocrx_word' id='word_1_61' title='bbox 1370 924 1612 975; x_wconf 86' lang='lat' dir='ltr'>virtutem</span> <span class='ocrx_word' id='word_1_62' title='bbox 1652 923 1850 974; x_wconf 85' lang='lat' dir='ltr'>nullam</span> <span class='ocrx_word' id='word_1_63' title='bbox 1887 932 2180 984; x_wconf 82' lang='lat' dir='ltr'>exerceant,</span> <span class='ocrx_word' id='word_1_64' title='bbox 2222 941 2288 973; x_wconf 83' lang='lat' dir='ltr'>ex</span> <span class='ocrx_word' id='word_1_65' title='bbox 2313 922 2410 973; x_wconf 92' lang='lat' dir='ltr'>hu-</span> 
     </span>
     <span class='ocr_line' id='line_1_8' title="bbox 250 1011 2410 1084; baseline 0.001 -22"><span class='ocrx_word' id='word_1_66' title='bbox 250 1011 481 1079; x_wconf 67' lang='lat' dir='ltr'>jusmodi</span> <span class='ocrx_word' id='word_1_67' title='bbox 507 1013 773 1080; x_wconf 84' lang='lat' dir='ltr'>particulis</span> <span class='ocrx_word' id='word_1_68' title='bbox 801 1024 1178 1081; x_wconf 88' lang='lat' dir='ltr'>componentur</span> <span class='ocrx_word' id='word_1_69' title='bbox 1203 1014 1364 1065; x_wconf 86' lang='lat' dir='ltr'>fluida</span> <span class='ocrx_word' id='word_1_70' title='bbox 1389 1014 1455 1066; x_wconf 91' lang='lat' dir='ltr'>de</span> <span class='ocrx_word' id='word_1_71' title='bbox 1482 1015 1669 1084; x_wconf 87' lang='lat' dir='ltr'>quibus</span> <span class='ocrx_word' id='word_1_72' title='bbox 1696 1025 1869 1066; x_wconf 88' lang='lat' dir='ltr'>actum</span> <span class='ocrx_word' id='word_1_73' title='bbox 1896 1024 1975 1065; x_wconf 87' lang='lat' dir='ltr'>est</span> <span class='ocrx_word' id='word_1_74' title='bbox 1999 1014 2054 1063; x_wconf 91' lang='lat' dir='ltr'>in</span> <span class='ocrx_word' id='word_1_75' title='bbox 2082 1012 2182 1064; x_wconf 67' lang='lat' dir='ltr'>hac</span> <span class='ocrx_word' id='word_1_76' title='bbox 2210 1013 2410 1082; x_wconf 92' lang='lat' dir='ltr'>Propo-</span> 
     </span>
     <span class='ocr_line' id='line_1_9' title="bbox 256 1103 2405 1176; baseline 0.002 -24"><span class='ocrx_word' id='word_1_77' title='bbox 256 1103 455 1154; x_wconf 85' lang='lat' dir='ltr'>sitione.</span> <span class='ocrx_word' id='word_1_78' title='bbox 536 1103 698 1164; x_wconf 83' lang='lat' dir='ltr'>Quod</span> <span class='ocrx_word' id='word_1_79' title='bbox 743 1105 785 1155; x_wconf 94' lang='lat' dir='ltr'>si</span> <span class='ocrx_word' id='word_1_80' title='bbox 828 1105 1097 1173; x_wconf 80' lang='lat' dir='ltr'>particulae</span> <span class='ocrx_word' id='word_1_81' title='bbox 1149 1108 1395 1176; x_wconf 88' lang='lat' dir='ltr'>cujusque</span> <span class='ocrx_word' id='word_1_82' title='bbox 1445 1109 1607 1158; x_wconf 87' lang='lat' dir='ltr'>virtus</span> <span class='ocrx_word' id='word_1_83' title='bbox 1658 1109 1712 1158; x_wconf 92' lang='lat' dir='ltr'>in</span> <span class='ocrx_word' id='word_1_84' title='bbox 1761 1107 2023 1158; x_wconf 86' lang='lat' dir='ltr'>infinitum</span> <span class='ocrx_word' id='word_1_85' title='bbox 2070 1116 2405 1176; x_wconf 83' lang='lat' dir='ltr'>propagetur,</span> 
     </span>
     <span class='ocr_line' id='line_1_10' title="bbox 257 1194 2406 1268; baseline 0.001 -23"><span class='ocrx_word' id='word_1_86' title='bbox 257 1194 311 1265; x_wconf 75' lang='lat' dir='ltr'>(f)</span> <span class='ocrx_word' id='word_1_87' title='bbox 330 1214 461 1264; x_wconf 85' lang='lat' dir='ltr'>opus</span> <span class='ocrx_word' id='word_1_88' title='bbox 488 1196 585 1247; x_wconf 81' lang='lat' dir='ltr'>erit</span> <span class='ocrx_word' id='word_1_89' title='bbox 610 1197 659 1248; x_wconf 91' lang='lat' dir='ltr'>vi</span> <span class='ocrx_word' id='word_1_90' title='bbox 685 1198 870 1266; x_wconf 88' lang='lat' dir='ltr'>majori</span> <span class='ocrx_word' id='word_1_91' title='bbox 896 1198 962 1249; x_wconf 87' lang='lat' dir='ltr'>ad</span> <span class='ocrx_word' id='word_1_92' title='bbox 989 1199 1240 1267; x_wconf 82' lang='lat' dir='ltr'>aequalem</span> <span class='ocrx_word' id='word_1_93' title='bbox 1262 1200 1724 1252; x_wconf 88' lang='lat' dir='ltr'>condensationem</span> <span class='ocrx_word' id='word_1_94' title='bbox 1750 1200 1958 1268; x_wconf 86' lang='lat' dir='ltr'>majoris</span> <span class='ocrx_word' id='word_1_95' title='bbox 1976 1198 2274 1268; x_wconf 86' lang='lat' dir='ltr'>quantitatis</span> <span class='ocrx_word' id='word_1_96' title='bbox 2290 1198 2406 1249; x_wconf 88' lang='lat' dir='ltr'>flui-</span> 
     </span>
    </p>
   </div>
   <div class='ocr_carea' id='block_1_3' title="bbox 252 1289 2444 1361">
    <p class='ocr_par' dir='ltr' id='par_1_3' title="bbox 252 1289 2444 1361">
     <span class='ocr_line' id='line_1_11' title="bbox 252 1289 2444 1361; baseline 0.001 -22"><span class='ocrx_word' id='word_1_97' title='bbox 252 1289 321 1339; x_wconf 85' lang='lat' dir='ltr'>di.</span> <span class='ocrx_word' id='word_1_98' title='bbox 396 1290 483 1339; x_wconf 89' lang='lat' dir='ltr'>An</span> <span class='ocrx_word' id='word_1_99' title='bbox 521 1308 644 1340; x_wconf 89' lang='lat' dir='ltr'>vero</span> <span class='ocrx_word' id='word_1_100' title='bbox 681 1290 841 1341; x_wconf 89' lang='lat' dir='ltr'>fluida</span> <span class='ocrx_word' id='word_1_101' title='bbox 881 1291 1087 1341; x_wconf 87' lang='lat' dir='ltr'>elastica</span> <span class='ocrx_word' id='word_1_102' title='bbox 1126 1309 1192 1341; x_wconf 82' lang='lat' dir='ltr'>ex</span> <span class='ocrx_word' id='word_1_103' title='bbox 1228 1292 1494 1359; x_wconf 86' lang='lat' dir='ltr'>particulis</span> <span class='ocrx_word' id='word_1_104' title='bbox 1521 1312 1575 1343; x_wconf 89' lang='lat' dir='ltr'>se</span> <span class='ocrx_word' id='word_1_105' title='bbox 1607 1303 1789 1343; x_wconf 88' lang='lat' dir='ltr'>mutuo</span> <span class='ocrx_word' id='word_1_106' title='bbox 1815 1290 2110 1361; x_wconf 87' lang='lat' dir='ltr'>fugantibus</span> <span class='ocrx_word' id='word_1_107' title='bbox 2149 1299 2402 1351; x_wconf 89' lang='lat' dir='ltr'>constent,</span> <span class='ocrx_word' id='word_1_108' title='bbox 2441 1340 2444 1341; x_wconf 10' lang='grc' dir='ltr'><em>γ</em></span> 
     </span>
    </p>
   </div>
   <div class='ocr_carea' id='block_1_4' title="bbox 250 1380 2403 1633">
    <p class='ocr_par' dir='ltr' id='par_1_4' title="bbox 250 1380 2403 1633">
     <span class='ocr_line' id='line_1_12' title="bbox 252 1380 2403 1451; baseline 0 -20"><span class='ocrx_word' id='word_1_109' title='bbox 252 1381 467 1449; x_wconf 85' lang='lat' dir='ltr'>quaestio</span> <span class='ocrx_word' id='word_1_110' title='bbox 492 1381 705 1451; x_wconf 87' lang='lat' dir='ltr'>physica</span> <span class='ocrx_word' id='word_1_111' title='bbox 734 1392 825 1433; x_wconf 90' lang='lat' dir='ltr'>est.</span> <span class='ocrx_word' id='word_1_112' title='bbox 905 1382 1017 1433; x_wconf 92' lang='lat' dir='ltr'>Nos</span> <span class='ocrx_word' id='word_1_113' title='bbox 1042 1383 1413 1450; x_wconf 83' lang='lat' dir='ltr'>proprietatem</span> <span class='ocrx_word' id='word_1_114' title='bbox 1450 1384 1729 1435; x_wconf 90' lang='lat' dir='ltr'>fluidorum</span> <span class='ocrx_word' id='word_1_115' title='bbox 1759 1402 1824 1434; x_wconf 85' lang='lat' dir='ltr'>ex</span> <span class='ocrx_word' id='word_1_116' title='bbox 1850 1381 2103 1451; x_wconf 88' lang='lat' dir='ltr'>ejusmodi</span> <span class='ocrx_word' id='word_1_117' title='bbox 2138 1380 2403 1449; x_wconf 86' lang='lat' dir='ltr'>particulis</span> 
     </span>
     <span class='ocr_line' id='line_1_13' title="bbox 250 1470 2402 1543; baseline 0.001 -23"><span class='ocrx_word' id='word_1_118' title='bbox 250 1471 596 1521; x_wconf 80' lang='lat' dir='ltr'>constantium</span> <span class='ocrx_word' id='word_1_119' title='bbox 623 1470 985 1522; x_wconf 74' lang='lat' dir='ltr'>mathematiCe</span> <span class='ocrx_word' id='word_1_120' title='bbox 1012 1471 1496 1537; x_wconf 89' lang='lat' dir='ltr'>demonstravimus,</span> <span class='ocrx_word' id='word_1_121' title='bbox 1537 1484 1594 1525; x_wconf 91' lang='lat' dir='ltr'>ut</span> <span class='ocrx_word' id='word_1_122' title='bbox 1619 1472 1941 1543; x_wconf 87' lang='lat' dir='ltr'>philosophis</span> <span class='ocrx_word' id='word_1_123' title='bbox 1968 1490 2144 1523; x_wconf 82' lang='lat' dir='ltr'>ansam</span> <span class='ocrx_word' id='word_1_124' title='bbox 2169 1471 2402 1540; x_wconf 81' lang='lat' dir='ltr'>praebea-</span> 
     </span>
     <span class='ocr_line' id='line_1_14' title="bbox 251 1564 1197 1633; baseline 0.003 -20"><span class='ocrx_word' id='word_1_125' title='bbox 251 1583 365 1615; x_wconf 87' lang='lat' dir='ltr'>mus</span> <span class='ocrx_word' id='word_1_126' title='bbox 392 1564 734 1633; x_wconf 76' lang='lat' dir='ltr'>quaestionem</span> <span class='ocrx_word' id='word_1_127' title='bbox 760 1565 900 1615; x_wconf 90' lang='lat' dir='ltr'>illam</span> <span class='ocrx_word' id='word_1_128' title='bbox 927 1565 1197 1616; x_wconf 87' lang='lat' dir='ltr'>tractandi.</span> 
     </span>
    </p>
   </div>
   <div class='ocr_carea' id='block_1_5' title="bbox 243 1726 2393 1885">
    <p class='ocr_par' dir='ltr' id='par_1_5' title="bbox 243 1726 2393 1885">
     <span class='ocr_line' id='line_1_15' title="bbox 301 1726 2393 1782; baseline -0.001 -15"><span class='ocrx_word' id='word_1_129' title='bbox 301 1728 351 1777; x_wconf 77' lang='lat' dir='ltr'>(s)</span> <span class='ocrx_word' id='word_1_130' title='bbox 376 1732 395 1751; x_wconf 69' lang='lat'>³*</span> <span class='ocrx_word' id='word_1_131' title='bbox 423 1731 524 1778; x_wconf 79' lang='lat' dir='ltr'>Opus</span> <span class='ocrx_word' id='word_1_132' title='bbox 543 1732 611 1768; x_wconf 81' lang='lat' dir='ltr'>erit</span> <span class='ocrx_word' id='word_1_133' title='bbox 630 1732 667 1768; x_wconf 85' lang='lat' dir='ltr'>vi</span> <span class='ocrx_word' id='word_1_134' title='bbox 687 1730 834 1779; x_wconf 76' lang='lat' dir='ltr'>majori,</span> <span class='ocrx_word' id='word_1_135' title='bbox 856 1730 926 1766; x_wconf 63' lang='lat' dir='ltr'>Sec,</span> <span class='ocrx_word' id='word_1_136' title='bbox 988 1729 1080 1766; x_wconf 85' lang='lat' dir='ltr'>Non</span> <span class='ocrx_word' id='word_1_137' title='bbox 1103 1729 1204 1766; x_wconf 77' lang='lat' dir='ltr'>enim</span> <span class='ocrx_word' id='word_1_138' title='bbox 1234 1743 1296 1768; x_wconf 84' lang='lat' dir='ltr'>so·</span> <span class='ocrx_word' id='word_1_139' title='bbox 1352 1743 1439 1768; x_wconf 87' lang='lat' dir='ltr'>rum</span> <span class='ocrx_word' id='word_1_140' title='bbox 1461 1731 1516 1768; x_wconf 84' lang='lat' dir='ltr'>vis</span> <span class='ocrx_word' id='word_1_141' title='bbox 1537 1731 1610 1768; x_wconf 80' lang='lat' dir='ltr'>erit</span> <span class='ocrx_word' id='word_1_142' title='bbox 1627 1729 1841 1779; x_wconf 85' lang='lat' dir='ltr'>superanda</span> <span class='ocrx_word' id='word_1_143' title='bbox 1859 1742 1945 1782; x_wconf 87' lang='lat' dir='ltr'>quae</span> <span class='ocrx_word' id='word_1_144' title='bbox 1966 1730 2030 1766; x_wconf 81' lang='lat' dir='ltr'>(ex</span> <span class='ocrx_word' id='word_1_145' title='bbox 2054 1728 2187 1780; x_wconf 89' lang='lat' dir='ltr'>Hyp.)</span> <span class='ocrx_word' id='word_1_146' title='bbox 2210 1728 2248 1766; x_wconf 88' lang='lat' dir='ltr'>in</span> <span class='ocrx_word' id='word_1_147' title='bbox 2268 1726 2393 1765; x_wconf 77' lang='lat' dir='ltr'>infini·</span> 
     </span>
     <span class='ocr_line' id='line_1_16' title="bbox 247 1781 1701 1836; baseline 0.003 -19"><span class='ocrx_word' id='word_1_148' title='bbox 247 1781 329 1817; x_wconf 88' lang='lat' dir='ltr'>lum</span> <span class='ocrx_word' id='word_1_149' title='bbox 350 1782 538 1819; x_wconf 85' lang='lat' dir='ltr'>vincenda</span> <span class='ocrx_word' id='word_1_150' title='bbox 556 1784 627 1820; x_wconf 85' lang='lat' dir='ltr'>erit</span> <span class='ocrx_word' id='word_1_151' title='bbox 647 1796 714 1832; x_wconf 85' lang='lat' dir='ltr'>per</span> <span class='ocrx_word' id='word_1_152' title='bbox 733 1782 1057 1830; x_wconf 84' lang='lat' dir='ltr'>compressionem</span> <span class='ocrx_word' id='word_1_153' title='bbox 1081 1784 1137 1820; x_wconf 86' lang='lat' dir='ltr'>vis</span> <span class='ocrx_word' id='word_1_154' title='bbox 1155 1783 1296 1820; x_wconf 79' lang='lat' dir='ltr'>centrI-</span> <span class='ocrx_word' id='word_1_155' title='bbox 1352 1792 1438 1822; x_wconf 89' lang='lat' dir='ltr'>tum</span> <span class='ocrx_word' id='word_1_156' title='bbox 1457 1792 1701 1836; x_wconf 79' lang='lat' dir='ltr'>propagatur.</span> 
     </span>
     <span class='ocr_line' id='line_1_17' title="bbox 243 1834 1295 1885; baseline 0.002 -12"><span class='ocrx_word' id='word_1_157' title='bbox 243 1835 342 1884; x_wconf 71' lang='lat' dir='ltr'>fiuga</span> <span class='ocrx_word' id='word_1_158' title='bbox 360 1835 635 1884; x_wconf 75' lang='lat' dir='ltr'>particularum</span> <span class='ocrx_word' id='word_1_159' title='bbox 669 1837 942 1885; x_wconf 78' lang='lat' dir='ltr'>proximarum,</span> <span class='ocrx_word' id='word_1_160' title='bbox 974 1834 1038 1875; x_wconf 90' lang='lat' dir='ltr'>sed</span> <span class='ocrx_word' id='word_1_161' title='bbox 1060 1843 1099 1874; x_wconf 87' lang='lat' dir='ltr'>et</span> <span class='ocrx_word' id='word_1_162' title='bbox 1116 1836 1295 1875; x_wconf 88' lang='lat' dir='ltr'>remotio-</span> 
     </span>
    </p>
   </div>
  </div>
 </body>
</html>
