<?xml version="1.0" encoding="UTF-8"?>
<!DOCTYPE html PUBLIC "-//W3C//DTD XHTML 1.0 Transitional//EN"
    "http://www.w3.org/TR/xhtml1/DTD/xhtml1-transitional.dtd">
<html xmlns="http://www.w3.org/1999/xhtml" xml:lang="en" lang="en">
 <head>
  <title>
</title>
<meta http-equiv="Content-Type" content="text/html;charset=utf-8" />
  <meta name='ocr-system' content='tesseract 3.04.00' />
  <meta name='ocr-capabilities' content='ocr_page ocr_carea ocr_par ocr_line ocrx_word'/>
</head>
<body>
  <div class='ocr_page' id='page_1' title='image "./philonatrualprin02newtrich_0231.png"; bbox 0 0 2502 4192; ppageno 0'>
   <div class='ocr_carea' id='block_1_1' title="bbox 35 228 2248 320">
    <p class='ocr_par' dir='ltr' id='par_1_1' title="bbox 35 228 2248 320">
     <span class='ocr_line' id='line_1_1' title="bbox 35 228 2248 320; baseline -0.003 -8"><span class='ocrx_word' id='word_1_1' title='bbox 35 228 44 237; x_wconf 57' lang='grc'>’</span> <span class='ocrx_word' id='word_1_2' title='bbox 103 258 288 312; x_wconf 64' lang='grc' dir='ltr'>ιιΒΕΒ</span> <span class='ocrx_word' id='word_1_3' title='bbox 317 257 589 320; x_wconf 58' lang='lat' dir='ltr'>simum]</span> <span class='ocrx_word' id='word_1_4' title='bbox 655 252 1059 307; x_wconf 85' lang='lat' dir='ltr'><strong>PRINCIPIA</strong></span> <span class='ocrx_word' id='word_1_5' title='bbox 1099 251 1718 306; x_wconf 80' lang='lat' dir='ltr'><strong>MATHEMATICA.</strong></span> <span class='ocrx_word' id='word_1_6' title='bbox 2145 262 2248 306; x_wconf 76' lang='lat'>219</span> 
     </span>
    </p>
   </div>
   <div class='ocr_carea' id='block_1_2' title="bbox 99 393 2259 2363">
    <p class='ocr_par' dir='ltr' id='par_1_2' title="bbox 99 393 2249 558">
     <span class='ocr_line' id='line_1_2' title="bbox 101 393 2249 470; baseline -0.003 -19"><span class='ocrx_word' id='word_1_7' title='bbox 101 399 430 470; x_wconf 82' lang='lat' dir='ltr'>signavimus,</span> <span class='ocrx_word' id='word_1_8' title='bbox 468 416 575 449; x_wconf 90' lang='lat' dir='ltr'>non</span> <span class='ocrx_word' id='word_1_9' title='bbox 602 395 771 448; x_wconf 77' lang='lat' dir='ltr'>solum</span> <span class='ocrx_word' id='word_1_10' title='bbox 808 396 1006 448; x_wconf 91' lang='lat' dir='ltr'>ratione</span> <span class='ocrx_word' id='word_1_11' title='bbox 1033 395 1306 466; x_wconf 83' lang='lat' dir='ltr'>colligitur,</span> <span class='ocrx_word' id='word_1_12' title='bbox 1348 394 1438 445; x_wconf 88' lang='lat' dir='ltr'>sed</span> <span class='ocrx_word' id='word_1_13' title='bbox 1465 394 1618 445; x_wconf 89' lang='lat' dir='ltr'>etiam</span> <span class='ocrx_word' id='word_1_14' title='bbox 1643 410 1738 461; x_wconf 91' lang='lat' dir='ltr'>per</span> <span class='ocrx_word' id='word_1_15' title='bbox 1764 393 2121 460; x_wconf 85' lang='lat' dir='ltr'>experimenta</span> <span class='ocrx_word' id='word_1_16' title='bbox 2155 413 2249 445; x_wconf 89' lang='lat' dir='ltr'>no-</span> 
     </span>
     <span class='ocr_line' id='line_1_3' title="bbox 99 488 1181 558; baseline -0.005 -15"><span class='ocrx_word' id='word_1_17' title='bbox 99 492 296 544; x_wconf 89' lang='lat' dir='ltr'>tissima</span> <span class='ocrx_word' id='word_1_18' title='bbox 312 492 423 558; x_wconf 89' lang='lat' dir='ltr'>jam</span> <span class='ocrx_word' id='word_1_19' title='bbox 449 488 709 556; x_wconf 89' lang='lat' dir='ltr'>descripta</span> <span class='ocrx_word' id='word_1_20' title='bbox 732 488 1062 539; x_wconf 89' lang='lat' dir='ltr'>manifestum</span> <span class='ocrx_word' id='word_1_21' title='bbox 1088 497 1181 539; x_wconf 89' lang='lat' dir='ltr'>est.</span> 
     </span>
    </p>

    <p class='ocr_par' dir='ltr' id='par_1_3' title="bbox 99 576 2252 919">
     <span class='ocr_line' id='line_1_4' title="bbox 124 576 2251 651; baseline -0.004 -16"><span class='ocrx_word' id='word_1_22' title='bbox 124 632 126 635; x_wconf 81' lang='grc'>,</span> <span class='ocrx_word' id='word_1_23' title='bbox 175 585 287 634; x_wconf 85' lang='lat' dir='ltr'>Cas.</span> <span class='ocrx_word' id='word_1_24' title='bbox 319 588 367 633; x_wconf 90' lang='lat'>5.</span> <span class='ocrx_word' id='word_1_25' title='bbox 396 585 399 587; x_wconf 78' lang='grc'><strong>’</strong></span> <span class='ocrx_word' id='word_1_26' title='bbox 446 580 646 632; x_wconf 84' lang='lat' dir='ltr'>Eadem</span> <span class='ocrx_word' id='word_1_27' title='bbox 672 590 749 632; x_wconf 89' lang='lat' dir='ltr'>est</span> <span class='ocrx_word' id='word_1_28' title='bbox 774 599 923 650; x_wconf 84' lang='lat' dir='ltr'>aquae</span> <span class='ocrx_word' id='word_1_29' title='bbox 949 580 1202 632; x_wconf 87' lang='lat' dir='ltr'>effluentis</span> <span class='ocrx_word' id='word_1_30' title='bbox 1242 580 1503 643; x_wconf 88' lang='lat' dir='ltr'>velocitas,</span> <span class='ocrx_word' id='word_1_31' title='bbox 1545 580 1651 632; x_wconf 85' lang='lat' dir='ltr'>sive</span> <span class='ocrx_word' id='word_1_32' title='bbox 1684 579 1854 651; x_wconf 91' lang='lat' dir='ltr'>figura</span> <span class='ocrx_word' id='word_1_33' title='bbox 1879 576 2145 629; x_wconf 84' lang='lat' dir='ltr'>foraminis</span> <span class='ocrx_word' id='word_1_34' title='bbox 2185 577 2251 627; x_wconf 87' lang='lat' dir='ltr'>sit</span> 
     </span>
     <span class='ocr_line' id='line_1_5' title="bbox 100 665 2252 739; baseline -0.003 -17"><span class='ocrx_word' id='word_1_35' title='bbox 100 671 378 732; x_wconf 80' lang='lat' dir='ltr'>circulariS,</span> <span class='ocrx_word' id='word_1_36' title='bbox 426 670 532 720; x_wconf 89' lang='lat' dir='ltr'>sive</span> <span class='ocrx_word' id='word_1_37' title='bbox 577 670 828 739; x_wconf 89' lang='lat' dir='ltr'>quadrata</span> <span class='ocrx_word' id='word_1_38' title='bbox 870 669 952 720; x_wconf 87' lang='lat' dir='ltr'>vel</span> <span class='ocrx_word' id='word_1_39' title='bbox 992 669 1321 739; x_wconf 83' lang='lat' dir='ltr'>triangularis</span> <span class='ocrx_word' id='word_1_40' title='bbox 1361 680 1450 721; x_wconf 90' lang='lat' dir='ltr'>aut</span> <span class='ocrx_word' id='word_1_41' title='bbox 1499 669 1600 720; x_wconf 89' lang='lat' dir='ltr'>alia</span> <span class='ocrx_word' id='word_1_42' title='bbox 1638 686 1961 739; x_wconf 79' lang='lat' dir='ltr'>quaecunque</span> <span class='ocrx_word' id='word_1_43' title='bbox 2012 665 2252 718; x_wconf 85' lang='lat' dir='ltr'>circulari</span> 
     </span>
     <span class='ocr_line' id='line_1_6' title="bbox 99 756 2248 831; baseline -0.002 -19"><span class='ocrx_word' id='word_1_44' title='bbox 99 760 325 831; x_wconf 88' lang='lat' dir='ltr'>aequalis.</span> <span class='ocrx_word' id='word_1_45' title='bbox 403 759 541 810; x_wconf 89' lang='lat' dir='ltr'>Nam</span> <span class='ocrx_word' id='word_1_46' title='bbox 582 760 824 811; x_wconf 89' lang='lat' dir='ltr'>velocitas</span> <span class='ocrx_word' id='word_1_47' title='bbox 863 778 1011 829; x_wconf 83' lang='lat' dir='ltr'>aquae</span> <span class='ocrx_word' id='word_1_48' title='bbox 1050 759 1303 811; x_wconf 88' lang='lat' dir='ltr'>effluentis</span> <span class='ocrx_word' id='word_1_49' title='bbox 1342 778 1451 811; x_wconf 91' lang='lat' dir='ltr'>non</span> <span class='ocrx_word' id='word_1_50' title='bbox 1494 760 1688 830; x_wconf 86' lang='lat' dir='ltr'><strong>pendet</strong></span> <span class='ocrx_word' id='word_1_51' title='bbox 1712 779 1744 812; x_wconf 89' lang='lat' dir='ltr'>a</span> <span class='ocrx_word' id='word_1_52' title='bbox 1768 759 1938 830; x_wconf 68' lang='lat' dir='ltr'>figura</span> <span class='ocrx_word' id='word_1_53' title='bbox 1963 756 2248 819; x_wconf 84' lang='lat' dir='ltr'>foraminis,</span> 
     </span>
     <span class='ocr_line' id='line_1_7' title="bbox 101 850 1474 919; baseline 0 -16"><span class='ocrx_word' id='word_1_54' title='bbox 101 852 190 903; x_wconf 87' lang='lat' dir='ltr'>sed</span> <span class='ocrx_word' id='word_1_55' title='bbox 218 850 381 902; x_wconf 89' lang='lat' dir='ltr'>oritur</span> <span class='ocrx_word' id='word_1_56' title='bbox 407 851 473 901; x_wconf 90' lang='lat' dir='ltr'>ab</span> <span class='ocrx_word' id='word_1_57' title='bbox 500 852 607 919; x_wconf 93' lang='lat' dir='ltr'>ejus</span> <span class='ocrx_word' id='word_1_58' title='bbox 633 850 903 902; x_wconf 87' lang='lat' dir='ltr'>altitudine</span> <span class='ocrx_word' id='word_1_59' title='bbox 928 850 1061 901; x_wconf 84' lang='lat' dir='ltr'>infra</span> <span class='ocrx_word' id='word_1_60' title='bbox 1085 850 1301 919; x_wconf 91' lang='lat' dir='ltr'>planum</span> <span class='ocrx_word' id='word_1_61' title='bbox 1329 850 1383 902; x_wconf 90' lang='lat' dir='ltr'><strong>K</strong></span> <span class='ocrx_word' id='word_1_62' title='bbox 1410 850 1474 903; x_wconf 91' lang='lat' dir='ltr'>L.</span> 
     </span>
    </p>

    <p class='ocr_par' dir='ltr' id='par_1_4' title="bbox 100 939 2257 2179">
     <span class='ocr_line' id='line_1_8' title="bbox 178 939 1273 1007; baseline -0.002 -14"><span class='ocrx_word' id='word_1_63' title='bbox 178 943 291 993; x_wconf 85' lang='lat' dir='ltr'>Cas.</span> <span class='ocrx_word' id='word_1_64' title='bbox 320 949 369 993; x_wconf 90' lang='lat'>6.</span> <span class='ocrx_word' id='word_1_65' title='bbox 450 941 507 993; x_wconf 88' lang='lat' dir='ltr'>Si</span> <span class='ocrx_word' id='word_1_66' title='bbox 542 940 676 991; x_wconf 85' lang='lat' dir='ltr'>vasis</span> <span class='ocrx_word' id='word_1_67' title='bbox 716 945 768 991; x_wconf 96' lang='lat' dir='ltr'>A</span> <span class='ocrx_word' id='word_1_68' title='bbox 796 940 842 990; x_wconf 88' lang='lat' dir='ltr'>B</span> <span class='ocrx_word' id='word_1_69' title='bbox 868 940 923 990; x_wconf 91' lang='lat' dir='ltr'>D</span> <span class='ocrx_word' id='word_1_70' title='bbox 954 939 999 990; x_wconf 91' lang='lat' dir='ltr'>C</span> <span class='ocrx_word' id='word_1_71' title='bbox 1036 958 1157 1007; x_wconf 91' lang='lat' dir='ltr'>pars</span> <span class='ocrx_word' id='word_1_72' title='bbox 1195 942 1273 991; x_wconf 92' lang='lat' dir='ltr'>in-</span> 
     </span>
     <span class='ocr_line' id='line_1_9' title="bbox 100 1029 1273 1101; baseline -0.002 -19"><span class='ocrx_word' id='word_1_73' title='bbox 100 1031 259 1082; x_wconf 84' lang='lat' dir='ltr'>ferior</span> <span class='ocrx_word' id='word_1_74' title='bbox 284 1031 338 1081; x_wconf 90' lang='lat' dir='ltr'>in</span> <span class='ocrx_word' id='word_1_75' title='bbox 364 1049 553 1100; x_wconf 90' lang='lat' dir='ltr'>aquam</span> <span class='ocrx_word' id='word_1_76' title='bbox 580 1039 904 1100; x_wconf 87' lang='lat' dir='ltr'>stagnantem</span> <span class='ocrx_word' id='word_1_77' title='bbox 937 1029 1273 1101; x_wconf 85' lang='lat' dir='ltr'>immergatur</span> 
     </span>
     <span class='ocr_line' id='line_1_10' title="bbox 102 1118 1270 1189; baseline -0.002 -18"><span class='ocrx_word' id='word_1_78' title='bbox 102 1129 153 1171; x_wconf 89' lang='lat' dir='ltr'>et</span> <span class='ocrx_word' id='word_1_79' title='bbox 178 1119 396 1171; x_wconf 85' lang='lat' dir='ltr'>altitudo</span> <span class='ocrx_word' id='word_1_80' title='bbox 440 1137 589 1188; x_wconf 82' lang='lat' dir='ltr'>aquae</span> <span class='ocrx_word' id='word_1_81' title='bbox 630 1118 913 1189; x_wconf 88' lang='lat' dir='ltr'>stagnantis</span> <span class='ocrx_word' id='word_1_82' title='bbox 960 1136 1117 1186; x_wconf 90' lang='lat' dir='ltr'>supra</span> <span class='ocrx_word' id='word_1_83' title='bbox 1152 1118 1270 1170; x_wconf 87' lang='lat' dir='ltr'>fun-</span> 
     </span>
     <span class='ocr_line' id='line_1_11' title="bbox 104 1208 1265 1278; baseline -0.001 -18"><span class='ocrx_word' id='word_1_84' title='bbox 104 1210 230 1260; x_wconf 92' lang='lat' dir='ltr'>dum</span> <span class='ocrx_word' id='word_1_85' title='bbox 268 1209 401 1259; x_wconf 89' lang='lat' dir='ltr'>vasis</span> <span class='ocrx_word' id='word_1_86' title='bbox 442 1209 506 1259; x_wconf 91' lang='lat' dir='ltr'>sit</span> <span class='ocrx_word' id='word_1_87' title='bbox 547 1209 600 1260; x_wconf 87' lang='lat' dir='ltr'><strong>G</strong></span> <span class='ocrx_word' id='word_1_88' title='bbox 630 1209 711 1259; x_wconf 88' lang='lat' dir='ltr'>R:</span> <span class='ocrx_word' id='word_1_89' title='bbox 763 1208 1004 1277; x_wconf 79' lang='lat' dir='ltr'>velocitas</span> <span class='ocrx_word' id='word_1_90' title='bbox 1040 1208 1265 1278; x_wconf 66' lang='lat' dir='ltr'>quacum</span> 
     </span>
     <span class='ocr_line' id='line_1_12' title="bbox 102 1297 1268 1368; baseline -0.001 -18"><span class='ocrx_word' id='word_1_91' title='bbox 102 1318 236 1368; x_wconf 87' lang='lat' dir='ltr'>aqua</span> <span class='ocrx_word' id='word_1_92' title='bbox 262 1318 377 1368; x_wconf 85' lang='lat' dir='ltr'>quae</span> <span class='ocrx_word' id='word_1_93' title='bbox 397 1299 451 1348; x_wconf 92' lang='lat' dir='ltr'>in</span> <span class='ocrx_word' id='word_1_94' title='bbox 467 1318 585 1349; x_wconf 90' lang='lat' dir='ltr'>vase</span> <span class='ocrx_word' id='word_1_95' title='bbox 611 1307 703 1361; x_wconf 88' lang='lat' dir='ltr'>est,</span> <span class='ocrx_word' id='word_1_96' title='bbox 734 1297 906 1349; x_wconf 88' lang='lat' dir='ltr'>effluet</span> <span class='ocrx_word' id='word_1_97' title='bbox 922 1315 1016 1366; x_wconf 93' lang='lat' dir='ltr'>per</span> <span class='ocrx_word' id='word_1_98' title='bbox 1034 1298 1268 1350; x_wconf 89' lang='lat' dir='ltr'>foramen</span> 
     </span>
     <span class='ocr_line' id='line_1_13' title="bbox 106 1388 1271 1460; baseline 0 -20"><span class='ocrx_word' id='word_1_99' title='bbox 106 1389 154 1440; x_wconf 89' lang='lat' dir='ltr'>E</span> <span class='ocrx_word' id='word_1_100' title='bbox 175 1389 218 1439; x_wconf 90' lang='lat' dir='ltr'><strong>F</strong></span> <span class='ocrx_word' id='word_1_101' title='bbox 242 1389 296 1439; x_wconf 88' lang='lat' dir='ltr'>in</span> <span class='ocrx_word' id='word_1_102' title='bbox 321 1407 510 1459; x_wconf 90' lang='lat' dir='ltr'>aquam</span> <span class='ocrx_word' id='word_1_103' title='bbox 537 1399 876 1460; x_wconf 89' lang='lat' dir='ltr'>stagnantem,</span> <span class='ocrx_word' id='word_1_104' title='bbox 906 1407 966 1439; x_wconf 91' lang='lat' dir='ltr'>ea</span> <span class='ocrx_word' id='word_1_105' title='bbox 993 1388 1271 1458; x_wconf 86' lang='lat' dir='ltr'>eritquam</span> 
     </span>
     <span class='ocr_line' id='line_1_14' title="bbox 106 1477 1273 1548; baseline 0 -19"><span class='ocrx_word' id='word_1_106' title='bbox 106 1497 241 1548; x_wconf 88' lang='lat' dir='ltr'>aqua</span> <span class='ocrx_word' id='word_1_107' title='bbox 282 1478 517 1530; x_wconf 91' lang='lat' dir='ltr'>cadendo</span> <span class='ocrx_word' id='word_1_108' title='bbox 556 1491 607 1530; x_wconf 90' lang='lat' dir='ltr'>et</span> <span class='ocrx_word' id='word_1_109' title='bbox 645 1497 764 1529; x_wconf 92' lang='lat' dir='ltr'>casu</span> <span class='ocrx_word' id='word_1_110' title='bbox 801 1496 894 1529; x_wconf 90' lang='lat' dir='ltr'>suo</span> <span class='ocrx_word' id='word_1_111' title='bbox 931 1477 1273 1530; x_wconf 86' lang='lat' dir='ltr'>describendo</span> 
     </span>
     <span class='ocr_line' id='line_1_15' title="bbox 106 1568 1271 1638; baseline 0.001 -19"><span class='ocrx_word' id='word_1_112' title='bbox 106 1569 432 1620; x_wconf 82' lang='lat' dir='ltr'>altitudinem</span> <span class='ocrx_word' id='word_1_113' title='bbox 459 1568 486 1618; x_wconf 95' lang='lat' dir='ltr'><strong>I</strong></span> <span class='ocrx_word' id='word_1_114' title='bbox 517 1568 567 1619; x_wconf 90' lang='lat' dir='ltr'>R</span> <span class='ocrx_word' id='word_1_115' title='bbox 593 1569 860 1638; x_wconf 84' lang='lat' dir='ltr'>acquirere</span> <span class='ocrx_word' id='word_1_116' title='bbox 883 1577 1070 1636; x_wconf 84' lang='lat' dir='ltr'>potest.</span> <span class='ocrx_word' id='word_1_117' title='bbox 1131 1569 1271 1620; x_wconf 86' lang='lat' dir='ltr'>Nam</span> 
     </span>
     <span class='ocr_line' id='line_1_16' title="bbox 102 1658 1271 1728; baseline 0 -19"><span class='ocrx_word' id='word_1_118' title='bbox 102 1658 307 1727; x_wconf 91' lang='lat' dir='ltr'>pondus</span> <span class='ocrx_word' id='word_1_119' title='bbox 333 1675 482 1727; x_wconf 80' lang='lat' dir='ltr'>aquae</span> <span class='ocrx_word' id='word_1_120' title='bbox 508 1658 674 1708; x_wconf 92' lang='lat' dir='ltr'>omnis</span> <span class='ocrx_word' id='word_1_121' title='bbox 702 1658 751 1708; x_wconf 90' lang='lat' dir='ltr'>in</span> <span class='ocrx_word' id='word_1_122' title='bbox 782 1677 900 1709; x_wconf 89' lang='lat' dir='ltr'>vase</span> <span class='ocrx_word' id='word_1_123' title='bbox 926 1677 1043 1728; x_wconf 86' lang='lat' dir='ltr'>quae</span> <span class='ocrx_word' id='word_1_124' title='bbox 1057 1658 1271 1710; x_wconf 86' lang='lat' dir='ltr'>inferior</span> 
     </span>
     <span class='ocr_line' id='line_1_17' title="bbox 104 1747 1270 1818; baseline 0.001 -19"><span class='ocrx_word' id='word_1_125' title='bbox 104 1758 182 1799; x_wconf 91' lang='lat' dir='ltr'>est</span> <span class='ocrx_word' id='word_1_126' title='bbox 206 1747 477 1816; x_wconf 88' lang='lat' dir='ltr'>superficie</span> <span class='ocrx_word' id='word_1_127' title='bbox 502 1767 653 1817; x_wconf 90' lang='lat' dir='ltr'>aquae</span> <span class='ocrx_word' id='word_1_128' title='bbox 683 1749 985 1818; x_wconf 88' lang='lat' dir='ltr'>stagnantis,</span> <span class='ocrx_word' id='word_1_129' title='bbox 1016 1749 1270 1801; x_wconf 87' lang='lat' dir='ltr'>substine-</span> 
     </span>
     <span class='ocr_line' id='line_1_18' title="bbox 102 1837 1448 1911; baseline 0 -22"><span class='ocrx_word' id='word_1_130' title='bbox 102 1838 243 1890; x_wconf 91' lang='lat' dir='ltr'>bitur</span> <span class='ocrx_word' id='word_1_131' title='bbox 283 1839 338 1889; x_wconf 90' lang='lat' dir='ltr'>in</span> <span class='ocrx_word' id='word_1_132' title='bbox 381 1837 669 1908; x_wconf 89' lang='lat' dir='ltr'>aequilibrio</span> <span class='ocrx_word' id='word_1_133' title='bbox 719 1856 815 1906; x_wconf 91' lang='lat' dir='ltr'>per</span> <span class='ocrx_word' id='word_1_134' title='bbox 864 1838 1071 1907; x_wconf 90' lang='lat' dir='ltr'>pondus</span> <span class='ocrx_word' id='word_1_135' title='bbox 1123 1857 1271 1908; x_wconf 86' lang='lat' dir='ltr'>aquae</span> <span class='ocrx_word' id='word_1_136' title='bbox 1440 1901 1448 1911; x_wconf 33' lang='grc' dir='ltr'>ι</span> 
     </span>
     <span class='ocr_line' id='line_1_19' title="bbox 104 1927 2256 1998; baseline 0.001 -18"><span class='ocrx_word' id='word_1_137' title='bbox 104 1927 402 1998; x_wconf 87' lang='lat' dir='ltr'>stagnantis,</span> <span class='ocrx_word' id='word_1_138' title='bbox 431 1927 653 1996; x_wconf 80' lang='lat' dir='ltr'>ideoque</span> <span class='ocrx_word' id='word_1_139' title='bbox 678 1937 879 1978; x_wconf 90' lang='lat' dir='ltr'>motum</span> <span class='ocrx_word' id='word_1_140' title='bbox 904 1945 1053 1997; x_wconf 89' lang='lat' dir='ltr'>aquae</span> <span class='ocrx_word' id='word_1_141' title='bbox 1080 1927 1439 1980; x_wconf 84' lang='lat' dir='ltr'>descendentis</span> <span class='ocrx_word' id='word_1_142' title='bbox 1465 1929 1520 1979; x_wconf 92' lang='lat' dir='ltr'>in</span> <span class='ocrx_word' id='word_1_143' title='bbox 1546 1948 1666 1980; x_wconf 87' lang='lat' dir='ltr'>vase</span> <span class='ocrx_word' id='word_1_144' title='bbox 1690 1928 1905 1980; x_wconf 78' lang='lat' dir='ltr'>minime</span> <span class='ocrx_word' id='word_1_145' title='bbox 1931 1931 2256 1984; x_wconf 86' lang='lat' dir='ltr'>accelerabit.</span> 
     </span>
     <span class='ocr_line' id='line_1_20' title="bbox 107 2017 2257 2088; baseline 0.002 -18"><span class='ocrx_word' id='word_1_146' title='bbox 107 2018 313 2070; x_wconf 89' lang='lat' dir='ltr'>Patebit</span> <span class='ocrx_word' id='word_1_147' title='bbox 337 2017 491 2069; x_wconf 91' lang='lat' dir='ltr'>etiam</span> <span class='ocrx_word' id='word_1_148' title='bbox 517 2028 569 2068; x_wconf 92' lang='lat' dir='ltr'>et</span> <span class='ocrx_word' id='word_1_149' title='bbox 592 2017 678 2068; x_wconf 91' lang='lat' dir='ltr'>hic</span> <span class='ocrx_word' id='word_1_150' title='bbox 705 2036 852 2069; x_wconf 87' lang='lat' dir='ltr'>casus</span> <span class='ocrx_word' id='word_1_151' title='bbox 878 2036 973 2086; x_wconf 91' lang='lat' dir='ltr'>per</span> <span class='ocrx_word' id='word_1_152' title='bbox 999 2019 1368 2086; x_wconf 90' lang='lat' dir='ltr'>experimenta,</span> <span class='ocrx_word' id='word_1_153' title='bbox 1412 2020 1476 2088; x_wconf 77' lang='lat'>(¹³)</span> <span class='ocrx_word' id='word_1_154' title='bbox 1504 2021 1858 2072; x_wconf 85' lang='lat' dir='ltr'>mensurando</span> <span class='ocrx_word' id='word_1_155' title='bbox 1896 2021 2090 2074; x_wconf 89' lang='lat' dir='ltr'>scilicet</span> <span class='ocrx_word' id='word_1_156' title='bbox 2127 2033 2257 2075; x_wconf 91' lang='lat' dir='ltr'>t-em-</span> 
     </span>
     <span class='ocr_line' id='line_1_21' title="bbox 103 2108 805 2179; baseline 0 -18"><span class='ocrx_word' id='word_1_157' title='bbox 103 2128 232 2178; x_wconf 89' lang='lat' dir='ltr'>pora</span> <span class='ocrx_word' id='word_1_158' title='bbox 258 2109 443 2179; x_wconf 90' lang='lat' dir='ltr'>quibus</span> <span class='ocrx_word' id='word_1_159' title='bbox 470 2127 603 2178; x_wconf 90' lang='lat' dir='ltr'>aqua</span> <span class='ocrx_word' id='word_1_160' title='bbox 629 2108 805 2161; x_wconf 89' lang='lat' dir='ltr'>effluit.</span> 
     </span>
    </p>

    <p class='ocr_par' dir='ltr' id='par_1_5' title="bbox 106 2197 2259 2363">
     <span class='ocr_line' id='line_1_22' title="bbox 176 2197 2259 2268; baseline 0.003 -19"><span class='ocrx_word' id='word_1_161' title='bbox 176 2200 235 2268; x_wconf 76' lang='lat'>(⁰)</span> <span class='ocrx_word' id='word_1_162' title='bbox 267 2200 429 2250; x_wconf 83' lang='lat' dir='ltr'>Corol.</span> <span class='ocrx_word' id='word_1_163' title='bbox 461 2205 506 2248; x_wconf 90' lang='lat'>1.</span> <span class='ocrx_word' id='word_1_164' title='bbox 585 2197 732 2250; x_wconf 90' lang='lat' dir='ltr'>Hinc</span> <span class='ocrx_word' id='word_1_165' title='bbox 758 2197 801 2249; x_wconf 93' lang='lat' dir='ltr'>si</span> <span class='ocrx_word' id='word_1_166' title='bbox 826 2216 974 2267; x_wconf 89' lang='lat' dir='ltr'>aquae</span> <span class='ocrx_word' id='word_1_167' title='bbox 1000 2197 1218 2249; x_wconf 85' lang='lat' dir='ltr'>altitudo</span> <span class='ocrx_word' id='word_1_168' title='bbox 1249 2199 1294 2250; x_wconf 90' lang='lat' dir='ltr'>C</span> <span class='ocrx_word' id='word_1_169' title='bbox 1321 2199 1372 2250; x_wconf 94' lang='lat' dir='ltr'><strong>A</strong></span> <span class='ocrx_word' id='word_1_170' title='bbox 1402 2200 1723 2268; x_wconf 87' lang='lat' dir='ltr'>producatur</span> <span class='ocrx_word' id='word_1_171' title='bbox 1749 2201 1816 2252; x_wconf 90' lang='lat' dir='ltr'>ad</span> <span class='ocrx_word' id='word_1_172' title='bbox 1846 2202 1915 2265; x_wconf 88' lang='lat' dir='ltr'>K,</span> <span class='ocrx_word' id='word_1_173' title='bbox 1956 2211 2014 2253; x_wconf 89' lang='lat' dir='ltr'>ut</span> <span class='ocrx_word' id='word_1_174' title='bbox 2041 2204 2106 2255; x_wconf 89' lang='lat' dir='ltr'>sit</span> <span class='ocrx_word' id='word_1_175' title='bbox 2132 2204 2182 2256; x_wconf 95' lang='lat' dir='ltr'>A</span> <span class='ocrx_word' id='word_1_176' title='bbox 2206 2206 2259 2257; x_wconf 91' lang='lat' dir='ltr'><strong>K</strong></span> 
     </span>
     <span class='ocr_line' id='line_1_23' title="bbox 106 2288 2255 2363; baseline 0.004 -22"><span class='ocrx_word' id='word_1_177' title='bbox 106 2290 173 2341; x_wconf 89' lang='lat' dir='ltr'>ad</span> <span class='ocrx_word' id='word_1_178' title='bbox 202 2290 246 2341; x_wconf 92' lang='lat' dir='ltr'>C</span> <span class='ocrx_word' id='word_1_179' title='bbox 277 2289 329 2340; x_wconf 89' lang='lat' dir='ltr'><strong>K</strong></span> <span class='ocrx_word' id='word_1_180' title='bbox 375 2289 429 2339; x_wconf 93' lang='lat' dir='ltr'>in</span> <span class='ocrx_word' id='word_1_181' title='bbox 469 2288 728 2357; x_wconf 68' lang='lat' dir='ltr'>duplicata</span> <span class='ocrx_word' id='word_1_182' title='bbox 769 2290 967 2341; x_wconf 90' lang='lat' dir='ltr'>ratione</span> <span class='ocrx_word' id='word_1_183' title='bbox 1004 2308 1138 2341; x_wconf 87' lang='lat' dir='ltr'>areae</span> <span class='ocrx_word' id='word_1_184' title='bbox 1175 2290 1438 2343; x_wconf 89' lang='lat' dir='ltr'>foraminis</span> <span class='ocrx_word' id='word_1_185' title='bbox 1476 2292 1531 2341; x_wconf 91' lang='lat' dir='ltr'>in</span> <span class='ocrx_word' id='word_1_186' title='bbox 1570 2292 1747 2363; x_wconf 66' lang='lat' dir='ltr'>quavis</span> <span class='ocrx_word' id='word_1_187' title='bbox 1774 2293 1921 2344; x_wconf 90' lang='lat' dir='ltr'>fundi</span> <span class='ocrx_word' id='word_1_188' title='bbox 1945 2306 2093 2363; x_wconf 87' lang='lat' dir='ltr'>parte</span> <span class='ocrx_word' id='word_1_189' title='bbox 2118 2297 2255 2360; x_wconf 87' lang='lat' dir='ltr'>facti,</span> 
     </span>
    </p>
   </div>
   <div class='ocr_carea' id='block_1_3' title="bbox 1349 1006 2256 1819">
    <p class='ocr_par' dir='ltr' id='par_1_6' title="bbox 1349 1006 2256 1819">
     <span class='ocr_line' id='line_1_24' title="bbox 1349 1006 2256 1819; baseline 0 0"><span class='ocrx_word' id='word_1_190' title='bbox 1349 1006 2256 1819; x_wconf 95' lang='lat' dir='ltr'> </span> 
     </span>
    </p>
   </div>
   <div class='ocr_carea' id='block_1_4' title="bbox 89 2380 2258 2631">
    <p class='ocr_par' dir='ltr' id='par_1_7' title="bbox 89 2380 2258 2631">
     <span class='ocr_line' id='line_1_25' title="bbox 106 2380 2258 2453; baseline 0.002 -19"><span class='ocrx_word' id='word_1_191' title='bbox 106 2383 172 2434; x_wconf 89' lang='lat' dir='ltr'>ad</span> <span class='ocrx_word' id='word_1_192' title='bbox 215 2400 388 2433; x_wconf 88' lang='lat' dir='ltr'>aream</span> <span class='ocrx_word' id='word_1_193' title='bbox 425 2380 603 2431; x_wconf 89' lang='lat' dir='ltr'>circuli</span> <span class='ocrx_word' id='word_1_194' title='bbox 643 2381 694 2431; x_wconf 97' lang='lat' dir='ltr'>A</span> <span class='ocrx_word' id='word_1_195' title='bbox 724 2380 802 2431; x_wconf 89' lang='lat' dir='ltr'>B:</span> <span class='ocrx_word' id='word_1_196' title='bbox 848 2381 1091 2432; x_wconf 88' lang='lat' dir='ltr'>velocitas</span> <span class='ocrx_word' id='word_1_197' title='bbox 1131 2400 1279 2451; x_wconf 84' lang='lat' dir='ltr'>aquae</span> <span class='ocrx_word' id='word_1_198' title='bbox 1319 2382 1569 2434; x_wconf 86' lang='lat' dir='ltr'>effluentis</span> <span class='ocrx_word' id='word_1_199' title='bbox 1611 2385 1823 2453; x_wconf 81' lang='lat' dir='ltr'>aequalis</span> <span class='ocrx_word' id='word_1_200' title='bbox 1863 2386 1960 2436; x_wconf 89' lang='lat' dir='ltr'>erit</span> <span class='ocrx_word' id='word_1_201' title='bbox 1999 2387 2258 2439; x_wconf 86' lang='lat' dir='ltr'>velocitati</span> 
     </span>
     <span class='ocr_line' id='line_1_26' title="bbox 107 2468 2257 2548; baseline 0.004 -26"><span class='ocrx_word' id='word_1_202' title='bbox 107 2490 261 2541; x_wconf 90' lang='lat' dir='ltr'>quam</span> <span class='ocrx_word' id='word_1_203' title='bbox 298 2488 432 2540; x_wconf 89' lang='lat' dir='ltr'>aqua</span> <span class='ocrx_word' id='word_1_204' title='bbox 470 2468 703 2521; x_wconf 89' lang='lat' dir='ltr'>cadendo</span> <span class='ocrx_word' id='word_1_205' title='bbox 729 2480 780 2521; x_wconf 91' lang='lat' dir='ltr'>et</span> <span class='ocrx_word' id='word_1_206' title='bbox 805 2488 925 2521; x_wconf 88' lang='lat' dir='ltr'>casu</span> <span class='ocrx_word' id='word_1_207' title='bbox 951 2489 1044 2521; x_wconf 92' lang='lat' dir='ltr'>suo</span> <span class='ocrx_word' id='word_1_208' title='bbox 1070 2470 1412 2523; x_wconf 89' lang='lat' dir='ltr'>describendo</span> <span class='ocrx_word' id='word_1_209' title='bbox 1456 2472 1781 2525; x_wconf 88' lang='lat' dir='ltr'>altitudinem</span> <span class='ocrx_word' id='word_1_210' title='bbox 1823 2475 1876 2526; x_wconf 93' lang='lat' dir='ltr'><strong>K</strong></span> <span class='ocrx_word' id='word_1_211' title='bbox 1907 2476 1952 2526; x_wconf 89' lang='lat' dir='ltr'>C</span> <span class='ocrx_word' id='word_1_212' title='bbox 1990 2479 2257 2548; x_wconf 88' lang='lat' dir='ltr'>acquirere</span> 
     </span>
     <span class='ocr_line' id='line_1_27' title="bbox 89 2564 291 2631; baseline 0 -17"><span class='ocrx_word' id='word_1_213' title='bbox 89 2564 291 2631; x_wconf 85' lang='lat' dir='ltr'>potest.</span> 
     </span>
    </p>
   </div>
   <div class='ocr_carea' id='block_1_5' title="bbox 182 2655 2252 2731">
    <p class='ocr_par' dir='ltr' id='par_1_8' title="bbox 182 2655 2252 2731">
     <span class='ocr_line' id='line_1_28' title="bbox 182 2655 2252 2731; baseline 0.004 -25"><span class='ocrx_word' id='word_1_214' title='bbox 182 2655 245 2723; x_wconf 70' lang='lat' dir='ltr'>(d)</span> <span class='ocrx_word' id='word_1_215' title='bbox 277 2656 439 2707; x_wconf 84' lang='lat' dir='ltr'>Corol.</span> <span class='ocrx_word' id='word_1_216' title='bbox 468 2663 516 2707; x_wconf 77' lang='lat'>2.</span> <span class='ocrx_word' id='word_1_217' title='bbox 594 2657 665 2711; x_wconf 92' lang='lat' dir='ltr'>Et</span> <span class='ocrx_word' id='word_1_218' title='bbox 691 2657 780 2720; x_wconf 83' lang='lat' dir='ltr'>viS,</span> <span class='ocrx_word' id='word_1_219' title='bbox 815 2657 916 2727; x_wconf 69' lang='lat' dir='ltr'>qua</span> <span class='ocrx_word' id='word_1_220' title='bbox 952 2667 1090 2710; x_wconf 86' lang='lat' dir='ltr'>totus</span> <span class='ocrx_word' id='word_1_221' title='bbox 1118 2677 1266 2729; x_wconf 80' lang='lat' dir='ltr'>aquae</span> <span class='ocrx_word' id='word_1_222' title='bbox 1293 2657 1549 2711; x_wconf 80' lang='lat' dir='ltr'>exilientis</span> <span class='ocrx_word' id='word_1_223' title='bbox 1582 2670 1754 2712; x_wconf 88' lang='lat' dir='ltr'>motus</span> <span class='ocrx_word' id='word_1_224' title='bbox 1791 2662 2029 2731; x_wconf 83' lang='lat' dir='ltr'>generari</span> <span class='ocrx_word' id='word_1_225' title='bbox 2065 2672 2252 2731; x_wconf 82' lang='lat' dir='ltr'>potest,</span> 
     </span>
    </p>
   </div>
   <div class='ocr_carea' id='block_1_6' title="bbox 96 2798 1155 3911">
    <p class='ocr_par' dir='ltr' id='par_1_9' title="bbox 108 2798 1152 3051">
     <span class='ocr_line' id='line_1_29' title="bbox 164 2798 1148 2852; baseline 0.002 -14"><span class='ocrx_word' id='word_1_226' title='bbox 164 2798 216 2852; x_wconf 67' lang='lat'>(⁵)</span> <span class='ocrx_word' id='word_1_227' title='bbox 258 2803 279 2824; x_wconf 75' lang='lat'>¹*</span> <span class='ocrx_word' id='word_1_228' title='bbox 315 2802 579 2840; x_wconf 79' lang='lat' dir='ltr'>Mensurando</span> <span class='ocrx_word' id='word_1_229' title='bbox 623 2803 762 2840; x_wconf 81' lang='lat' dir='ltr'>scilicet</span> <span class='ocrx_word' id='word_1_230' title='bbox 805 2809 975 2851; x_wconf 85' lang='lat' dir='ltr'>tempora</span> <span class='ocrx_word' id='word_1_231' title='bbox 1012 2804 1148 2851; x_wconf 76' lang='lat' dir='ltr'>quibus</span> 
     </span>
     <span class='ocr_line' id='line_1_30' title="bbox 108 2853 1152 2904; baseline 0.002 -15"><span class='ocrx_word' id='word_1_232' title='bbox 108 2867 209 2902; x_wconf 84' lang='lat' dir='ltr'>aqua</span> <span class='ocrx_word' id='word_1_233' title='bbox 228 2855 361 2904; x_wconf 70' lang='lat' dir='ltr'>effluit,</span> <span class='ocrx_word' id='word_1_234' title='bbox 382 2861 421 2891; x_wconf 90' lang='lat' dir='ltr'>et</span> <span class='ocrx_word' id='word_1_235' title='bbox 438 2854 668 2904; x_wconf 84' lang='lat' dir='ltr'>quantitates</span> <span class='ocrx_word' id='word_1_236' title='bbox 686 2866 795 2903; x_wconf 88' lang='lat' dir='ltr'>aquae</span> <span class='ocrx_word' id='word_1_237' title='bbox 813 2853 951 2891; x_wconf 88' lang='lat' dir='ltr'>iisdem</span> <span class='ocrx_word' id='word_1_238' title='bbox 968 2855 1152 2903; x_wconf 84' lang='lat' dir='ltr'>tempori-</span> 
     </span>
     <span class='ocr_line' id='line_1_31' title="bbox 108 2906 400 2944; baseline 0.007 -2"><span class='ocrx_word' id='word_1_239' title='bbox 108 2907 180 2943; x_wconf 90' lang='lat' dir='ltr'>bus</span> <span class='ocrx_word' id='word_1_240' title='bbox 198 2906 400 2944; x_wconf 63' lang='lat' dir='ltr'>effluentia</span> 
     </span>
     <span class='ocr_line' id='line_1_32' title="bbox 109 2958 1146 3010; baseline 0.001 -12"><span class='ocrx_word' id='word_1_241' title='bbox 109 2974 112 2975; x_wconf 47' lang='lat'><em>⁷</em></span> <span class='ocrx_word' id='word_1_242' title='bbox 163 2958 218 3010; x_wconf 78' lang='lat'>(⁰)</span> <span class='ocrx_word' id='word_1_243' title='bbox 242 2961 263 2983; x_wconf 66' lang='lat'>⁸*</span> <span class='ocrx_word' id='word_1_244' title='bbox 288 2962 406 2998; x_wconf 85' lang='lat' dir='ltr'>Corol.</span> <span class='ocrx_word' id='word_1_245' title='bbox 434 2964 468 2997; x_wconf 88' lang='lat'>1.</span> <span class='ocrx_word' id='word_1_246' title='bbox 514 2960 628 2998; x_wconf 87' lang='lat' dir='ltr'>Patet</span> <span class='ocrx_word' id='word_1_247' title='bbox 646 2971 713 3008; x_wconf 84' lang='lat' dir='ltr'>per</span> <span class='ocrx_word' id='word_1_248' title='bbox 736 2967 817 2998; x_wconf 86' lang='lat' dir='ltr'>not.</span> <span class='ocrx_word' id='word_1_249' title='bbox 841 2964 930 2999; x_wconf 77' lang='lat'><strong>275.</strong></span> <span class='ocrx_word' id='word_1_250' title='bbox 955 2967 993 2998; x_wconf 89' lang='lat' dir='ltr'>et</span> <span class='ocrx_word' id='word_1_251' title='bbox 1011 2973 1085 2999; x_wconf 89' lang='lat' dir='ltr'>cas.</span> <span class='ocrx_word' id='word_1_252' title='bbox 1110 2965 1146 2999; x_wconf 78' lang='lat'>2.</span> 
     </span>
     <span class='ocr_line' id='line_1_33' title="bbox 109 3015 209 3051; baseline 0.01 -2"><span class='ocrx_word' id='word_1_253' title='bbox 109 3024 153 3049; x_wconf 88' lang='lat' dir='ltr'>ac</span> <span class='ocrx_word' id='word_1_254' title='bbox 172 3015 209 3051; x_wconf 88' lang='lat'>5.</span> 
     </span>
    </p>

    <p class='ocr_par' dir='ltr' id='par_1_10' title="bbox 96 3065 1155 3911">
     <span class='ocr_line' id='line_1_34' title="bbox 107 3065 1155 3118; baseline -0.001 -12"><span class='ocrx_word' id='word_1_255' title='bbox 107 3079 112 3083; x_wconf 84' lang='grc'><strong>’</strong></span> <span class='ocrx_word' id='word_1_256' title='bbox 164 3065 217 3118; x_wconf 70' lang='lat'>(⁰)</span> <span class='ocrx_word' id='word_1_257' title='bbox 241 3067 262 3089; x_wconf 73' lang='lat'>’¹‘</span> <span class='ocrx_word' id='word_1_258' title='bbox 288 3067 405 3105; x_wconf 80' lang='lat' dir='ltr'>Corol.</span> <span class='ocrx_word' id='word_1_259' title='bbox 433 3070 468 3104; x_wconf 84' lang='lat'>2.</span> <span class='ocrx_word' id='word_1_260' title='bbox 531 3066 595 3104; x_wconf 93' lang='lat' dir='ltr'>De</span> <span class='ocrx_word' id='word_1_261' title='bbox 621 3066 737 3117; x_wconf 86' lang='lat' dir='ltr'>hujus</span> <span class='ocrx_word' id='word_1_262' title='bbox 769 3066 970 3105; x_wconf 84' lang='lat' dir='ltr'>Corollarii</span> <span class='ocrx_word' id='word_1_263' title='bbox 998 3067 1155 3105; x_wconf 79' lang='lat' dir='ltr'>veritate</span> 
     </span>
     <span class='ocr_line' id='line_1_35' title="bbox 109 3117 1152 3170; baseline 0.002 -14"><span class='ocrx_word' id='word_1_264' title='bbox 109 3117 179 3156; x_wconf 65' lang='lat' dir='ltr'>dih</span> <span class='ocrx_word' id='word_1_265' title='bbox 210 3120 456 3170; x_wconf 88' lang='lat' dir='ltr'>multumque</span> <span class='ocrx_word' id='word_1_266' title='bbox 488 3118 725 3168; x_wconf 87' lang='lat' dir='ltr'>disputatum</span> <span class='ocrx_word' id='word_1_267' title='bbox 753 3127 810 3157; x_wconf 89' lang='lat' dir='ltr'>est</span> <span class='ocrx_word' id='word_1_268' title='bbox 836 3120 935 3157; x_wconf 89' lang='lat' dir='ltr'>inter</span> <span class='ocrx_word' id='word_1_269' title='bbox 958 3121 1152 3158; x_wconf 84' lang='lat' dir='ltr'>Comitem</span> 
     </span>
     <span class='ocr_line' id='line_1_36' title="bbox 113 3171 1152 3218; baseline 0.001 -9"><span class='ocrx_word' id='word_1_270' title='bbox 113 3171 330 3214; x_wconf 86' lang='lat' dir='ltr'>Riccatum,</span> <span class='ocrx_word' id='word_1_271' title='bbox 357 3171 563 3210; x_wconf 65' lang='lat' dir='ltr'>Danielem</span> <span class='ocrx_word' id='word_1_272' title='bbox 587 3172 869 3218; x_wconf 86' lang='lat' dir='ltr'>Bernoullium,</span> <span class='ocrx_word' id='word_1_273' title='bbox 891 3174 1049 3210; x_wconf 88' lang='lat' dir='ltr'>Petrum</span> <span class='ocrx_word' id='word_1_274' title='bbox 1068 3175 1152 3210; x_wconf 91' lang='lat' dir='ltr'>An-</span> 
     </span>
     <span class='ocr_line' id='line_1_37' title="bbox 109 3224 1151 3272; baseline 0.002 -11"><span class='ocrx_word' id='word_1_275' title='bbox 109 3224 263 3262; x_wconf 80' lang='lat' dir='ltr'>tonium</span> <span class='ocrx_word' id='word_1_276' title='bbox 285 3224 573 3271; x_wconf 89' lang='lat' dir='ltr'>Michelottum,</span> <span class='ocrx_word' id='word_1_277' title='bbox 599 3226 625 3264; x_wconf 89' lang='lat' dir='ltr'><strong><em>J</em></strong></span> <span class='ocrx_word' id='word_1_278' title='bbox 629 3227 792 3263; x_wconf 85' lang='lat' dir='ltr'>acobum</span> <span class='ocrx_word' id='word_1_279' title='bbox 811 3226 837 3264; x_wconf 93' lang='lat' dir='ltr'>J</span> <span class='ocrx_word' id='word_1_280' title='bbox 842 3226 1012 3272; x_wconf 85' lang='lat' dir='ltr'>urinum,</span> <span class='ocrx_word' id='word_1_281' title='bbox 1034 3227 1151 3263; x_wconf 89' lang='lat' dir='ltr'>alios-</span> 
     </span>
     <span class='ocr_line' id='line_1_38' title="bbox 109 3276 1147 3327; baseline 0.002 -13"><span class='ocrx_word' id='word_1_282' title='bbox 109 3288 186 3326; x_wconf 89' lang='lat' dir='ltr'>que</span> <span class='ocrx_word' id='word_1_283' title='bbox 218 3276 493 3315; x_wconf 87' lang='lat' dir='ltr'>eruditissimos</span> <span class='ocrx_word' id='word_1_284' title='bbox 517 3278 627 3316; x_wconf 87' lang='lat' dir='ltr'>viros.</span> <span class='ocrx_word' id='word_1_285' title='bbox 690 3278 794 3316; x_wconf 76' lang='lat' dir='ltr'>Cum</span> <span class='ocrx_word' id='word_1_286' title='bbox 822 3279 926 3316; x_wconf 90' lang='lat' dir='ltr'>enim</span> <span class='ocrx_word' id='word_1_287' title='bbox 955 3280 994 3316; x_wconf 94' lang='lat' dir='ltr'>in</span> <span class='ocrx_word' id='word_1_288' title='bbox 1026 3280 1147 3327; x_wconf 73' lang='lat' dir='ltr'>prima</span> 
     </span>
     <span class='ocr_line' id='line_1_39' title="bbox 113 3329 1147 3378; baseline 0.001 -10"><span class='ocrx_word' id='word_1_289' title='bbox 113 3329 399 3378; x_wconf 87' lang='lat' dir='ltr'>Principiorum</span> <span class='ocrx_word' id='word_1_290' title='bbox 424 3330 857 3377; x_wconf 72' lang='lat' dir='ltr'>editione,‘Newtonus,</span> <span class='ocrx_word' id='word_1_291' title='bbox 887 3333 1061 3370; x_wconf 90' lang='lat' dir='ltr'>nondum</span> <span class='ocrx_word' id='word_1_292' title='bbox 1081 3334 1147 3369; x_wconf 86' lang='lat' dir='ltr'>ob·</span> 
     </span>
     <span class='ocr_line' id='line_1_40' title="bbox 110 3382 1151 3435; baseline 0.003 -15"><span class='ocrx_word' id='word_1_293' title='bbox 110 3382 258 3420; x_wconf 71' lang='lat' dir='ltr'>servata</span> <span class='ocrx_word' id='word_1_294' title='bbox 286 3384 543 3421; x_wconf 84' lang='lat' dir='ltr'>contractione</span> <span class='ocrx_word' id='word_1_295' title='bbox 573 3397 693 3429; x_wconf 85' lang='lat' dir='ltr'>venae,</span> <span class='ocrx_word' id='word_1_296' title='bbox 728 3385 928 3429; x_wconf 80' lang='lat' dir='ltr'>statuisset,</span> <span class='ocrx_word' id='word_1_297' title='bbox 962 3385 1039 3422; x_wconf 89' lang='lat' dir='ltr'>vim</span> <span class='ocrx_word' id='word_1_298' title='bbox 1073 3385 1151 3435; x_wconf 68' lang='lat' dir='ltr'>qua</span> 
     </span>
     <span class='ocr_line' id='line_1_41' title="bbox 109 3436 1148 3488; baseline 0.002 -15"><span class='ocrx_word' id='word_1_299' title='bbox 109 3444 214 3473; x_wconf 83' lang='lat' dir='ltr'>totus</span> <span class='ocrx_word' id='word_1_300' title='bbox 250 3449 359 3486; x_wconf 84' lang='lat' dir='ltr'>aquoe</span> <span class='ocrx_word' id='word_1_301' title='bbox 397 3436 587 3474; x_wconf 88' lang='lat' dir='ltr'>exilientis</span> <span class='ocrx_word' id='word_1_302' title='bbox 622 3446 751 3474; x_wconf 89' lang='lat' dir='ltr'>motus</span> <span class='ocrx_word' id='word_1_303' title='bbox 795 3439 969 3488; x_wconf 88' lang='lat' dir='ltr'>generari</span> <span class='ocrx_word' id='word_1_304' title='bbox 1015 3446 1148 3486; x_wconf 87' lang='lat' dir='ltr'>potest,</span> 
     </span>
     <span class='ocr_line' id='line_1_42' title="bbox 111 3489 1148 3540; baseline 0.002 -14"><span class='ocrx_word' id='word_1_305' title='bbox 111 3490 298 3540; x_wconf 83' lang='lat' dir='ltr'>aequalem</span> <span class='ocrx_word' id='word_1_306' title='bbox 318 3502 397 3526; x_wconf 89' lang='lat' dir='ltr'>esse</span> <span class='ocrx_word' id='word_1_307' title='bbox 417 3489 574 3538; x_wconf 84' lang='lat' dir='ltr'>ponderi</span> <span class='ocrx_word' id='word_1_308' title='bbox 593 3490 812 3539; x_wconf 83' lang='lat' dir='ltr'>cylindricae</span> <span class='ocrx_word' id='word_1_309' title='bbox 823 3490 1015 3528; x_wconf 88' lang='lat' dir='ltr'>columnae</span> <span class='ocrx_word' id='word_1_310' title='bbox 1027 3504 1148 3540; x_wconf 77' lang='lat' dir='ltr'>aquae,</span> 
     </span>
     <span class='ocr_line' id='line_1_43' title="bbox 111 3543 1150 3592; baseline 0.002 -13"><span class='ocrx_word' id='word_1_311' title='bbox 111 3544 222 3592; x_wconf 83' lang='lat' dir='ltr'>cujus</span> <span class='ocrx_word' id='word_1_312' title='bbox 240 3543 339 3580; x_wconf 86' lang='lat' dir='ltr'>basis</span> <span class='ocrx_word' id='word_1_313' title='bbox 358 3550 413 3580; x_wconf 90' lang='lat' dir='ltr'>est</span> <span class='ocrx_word' id='word_1_314' title='bbox 432 3543 604 3579; x_wconf 87' lang='lat' dir='ltr'>foramen</span> <span class='ocrx_word' id='word_1_315' title='bbox 628 3543 663 3579; x_wconf 83' lang='lat' dir='ltr'><strong>E</strong></span> <span class='ocrx_word' id='word_1_316' title='bbox 688 3543 733 3588; x_wconf 88' lang='lat' dir='ltr'>F,</span> <span class='ocrx_word' id='word_1_317' title='bbox 754 3551 793 3580; x_wconf 89' lang='lat' dir='ltr'>et</span> <span class='ocrx_word' id='word_1_318' title='bbox 810 3543 973 3582; x_wconf 85' lang='lat' dir='ltr'>altitudo</span> <span class='ocrx_word' id='word_1_319' title='bbox 997 3545 1034 3581; x_wconf 93' lang='lat' dir='ltr'>G</span> <span class='ocrx_word' id='word_1_320' title='bbox 1058 3545 1092 3589; x_wconf 92' lang='lat'>1,</span> <span class='ocrx_word' id='word_1_321' title='bbox 1113 3552 1150 3581; x_wconf 89' lang='lat' dir='ltr'>et</span> 
     </span>
     <span class='ocr_line' id='line_1_44' title="bbox 108 3593 1149 3640; baseline 0.004 -10"><span class='ocrx_word' id='word_1_322' title='bbox 108 3594 151 3630; x_wconf 86' lang='lat' dir='ltr'>in</span> <span class='ocrx_word' id='word_1_323' title='bbox 182 3593 352 3633; x_wconf 68' lang='lat' dir='ltr'>secunda</span> <span class='ocrx_word' id='word_1_324' title='bbox 381 3596 559 3640; x_wconf 86' lang='lat' dir='ltr'>editione,</span> <span class='ocrx_word' id='word_1_325' title='bbox 593 3594 720 3634; x_wconf 60' lang='lat' dir='ltr'>habita</span> <span class='ocrx_word' id='word_1_326' title='bbox 746 3596 893 3633; x_wconf 86' lang='lat' dir='ltr'>ratione</span> <span class='ocrx_word' id='word_1_327' title='bbox 920 3609 1027 3634; x_wconf 87' lang='lat' dir='ltr'>venae</span> <span class='ocrx_word' id='word_1_328' title='bbox 1058 3609 1149 3634; x_wconf 86' lang='lat' dir='ltr'>con-</span> 
     </span>
     <span class='ocr_line' id='line_1_45' title="bbox 110 3648 1152 3697; baseline 0.002 -13"><span class='ocrx_word' id='word_1_329' title='bbox 110 3654 253 3693; x_wconf 85' lang='lat' dir='ltr'>tractae,</span> <span class='ocrx_word' id='word_1_330' title='bbox 284 3648 360 3685; x_wconf 91' lang='lat' dir='ltr'>vim</span> <span class='ocrx_word' id='word_1_331' title='bbox 390 3649 494 3686; x_wconf 89' lang='lat' dir='ltr'>illam</span> <span class='ocrx_word' id='word_1_332' title='bbox 524 3648 681 3696; x_wconf 81' lang='lat' dir='ltr'>duplam</span> <span class='ocrx_word' id='word_1_333' title='bbox 710 3649 871 3694; x_wconf 83' lang='lat' dir='ltr'>fecisset,</span> <span class='ocrx_word' id='word_1_334' title='bbox 903 3650 1068 3697; x_wconf 87' lang='lat' dir='ltr'>priorem</span> <span class='ocrx_word' id='word_1_335' title='bbox 1097 3650 1152 3686; x_wconf 81' lang='lat' dir='ltr'>vis</span> 
     </span>
     <span class='ocr_line' id='line_1_46' title="bbox 96 3699 1152 3740; baseline 0.004 -4"><span class='ocrx_word' id='word_1_336' title='bbox 96 3699 215 3737; x_wconf 61' lang='lat' dir='ltr'>‘illius</span> <span class='ocrx_word' id='word_1_337' title='bbox 233 3713 451 3739; x_wconf 84' lang='lat' dir='ltr'>mensuram</span> <span class='ocrx_word' id='word_1_338' title='bbox 471 3701 652 3739; x_wconf 85' lang='lat' dir='ltr'>adversus</span> <span class='ocrx_word' id='word_1_339' title='bbox 675 3702 866 3739; x_wconf 88' lang='lat' dir='ltr'>Comitem</span> <span class='ocrx_word' id='word_1_340' title='bbox 890 3702 1094 3739; x_wconf 86' lang='lat' dir='ltr'>Riccatum</span> <span class='ocrx_word' id='word_1_341' title='bbox 1114 3711 1152 3740; x_wconf 90' lang='lat' dir='ltr'>et</span> 
     </span>
     <span class='ocr_line' id='line_1_47' title="bbox 110 3753 1151 3793; baseline 0.002 -2"><span class='ocrx_word' id='word_1_342' title='bbox 110 3753 135 3791; x_wconf 85' lang='lat' dir='ltr'>J</span> <span class='ocrx_word' id='word_1_343' title='bbox 142 3753 298 3790; x_wconf 89' lang='lat' dir='ltr'>urinum</span> <span class='ocrx_word' id='word_1_344' title='bbox 325 3757 505 3792; x_wconf 84' lang='lat' dir='ltr'>tuebatur</span> <span class='ocrx_word' id='word_1_345' title='bbox 523 3767 612 3792; x_wconf 88' lang='lat' dir='ltr'>cum</span> <span class='ocrx_word' id='word_1_346' title='bbox 636 3754 868 3792; x_wconf 88' lang='lat' dir='ltr'>Michelotto</span> <span class='ocrx_word' id='word_1_347' title='bbox 891 3755 1034 3793; x_wconf 88' lang='lat' dir='ltr'>Daniel</span> <span class='ocrx_word' id='word_1_348' title='bbox 1055 3756 1151 3793; x_wconf 86' lang='lat' dir='ltr'>Ber-</span> 
     </span>
     <span class='ocr_line' id='line_1_48' title="bbox 110 3806 1152 3857; baseline 0.003 -15"><span class='ocrx_word' id='word_1_349' title='bbox 110 3806 292 3851; x_wconf 85' lang='lat' dir='ltr'>noullius,</span> <span class='ocrx_word' id='word_1_350' title='bbox 326 3820 489 3857; x_wconf 88' lang='lat' dir='ltr'>quorum</span> <span class='ocrx_word' id='word_1_351' title='bbox 527 3808 824 3845; x_wconf 83' lang='lat' dir='ltr'>Dissertationes</span> <span class='ocrx_word' id='word_1_352' title='bbox 858 3807 988 3845; x_wconf 87' lang='lat' dir='ltr'>videre</span> <span class='ocrx_word' id='word_1_353' title='bbox 1019 3816 1076 3846; x_wconf 87' lang='lat' dir='ltr'>est</span> <span class='ocrx_word' id='word_1_354' title='bbox 1111 3808 1152 3845; x_wconf 89' lang='lat' dir='ltr'>in</span> 
     </span>
     <span class='ocr_line' id='line_1_49' title="bbox 113 3858 1147 3911; baseline 0.003 -15"><span class='ocrx_word' id='word_1_355' title='bbox 113 3858 466 3899; x_wconf 82' lang='lat' dir='ltr'>Exercitationibus</span> <span class='ocrx_word' id='word_1_356' title='bbox 498 3861 785 3899; x_wconf 76' lang='lat' dir='ltr'>Mathematicis</span> <span class='ocrx_word' id='word_1_357' title='bbox 816 3873 904 3911; x_wconf 88' lang='lat' dir='ltr'>quae</span> <span class='ocrx_word' id='word_1_358' title='bbox 932 3873 995 3899; x_wconf 86' lang='lat' dir='ltr'>an.</span> <span class='ocrx_word' id='word_1_359' title='bbox 1032 3866 1147 3902; x_wconf 77' lang='lat'><strong>1724.</strong></span> 
     </span>
    </p>
   </div>
   <div class='ocr_carea' id='block_1_7' title="bbox 511 3989 531 4021">
    <p class='ocr_par' dir='ltr' id='par_1_11' title="bbox 511 3989 531 4021">
     <span class='ocr_line' id='line_1_50' title="bbox 511 3989 531 4021; baseline 0 0"><span class='ocrx_word' id='word_1_360' title='bbox 511 3989 531 4021; x_wconf 70' lang='grc' dir='ltr'><strong>ό</strong></span> 
     </span>
    </p>
   </div>
   <div class='ocr_carea' id='block_1_8' title="bbox 1203 2802 2255 3918">
    <p class='ocr_par' dir='ltr' id='par_1_12' title="bbox 1203 2802 2255 3918">
     <span class='ocr_line' id='line_1_51' title="bbox 1206 2802 2254 2844; baseline 0.004 -5"><span class='ocrx_word' id='word_1_361' title='bbox 1206 2802 1384 2840; x_wconf 85' lang='lat' dir='ltr'>Venetiis</span> <span class='ocrx_word' id='word_1_362' title='bbox 1403 2802 1517 2841; x_wconf 82' lang='lat' dir='ltr'>editae</span> <span class='ocrx_word' id='word_1_363' title='bbox 1535 2810 1638 2840; x_wconf 87' lang='lat' dir='ltr'>sunt.</span> <span class='ocrx_word' id='word_1_364' title='bbox 1701 2803 1851 2841; x_wconf 72' lang='lat' dir='ltr'>Verum</span> <span class='ocrx_word' id='word_1_365' title='bbox 1884 2805 2028 2842; x_wconf 88' lang='lat' dir='ltr'>Daniel</span> <span class='ocrx_word' id='word_1_366' title='bbox 2062 2806 2254 2844; x_wconf 89' lang='lat' dir='ltr'>Bernoul-</span> 
     </span>
     <span class='ocr_line' id='line_1_52' title="bbox 1204 2855 2255 2907; baseline 0.004 -15"><span class='ocrx_word' id='word_1_367' title='bbox 1204 2855 1280 2892; x_wconf 90' lang='lat' dir='ltr'>lius</span> <span class='ocrx_word' id='word_1_368' title='bbox 1316 2869 1466 2906; x_wconf 85' lang='lat' dir='ltr'>paragr·</span> <span class='ocrx_word' id='word_1_369' title='bbox 1502 2862 1537 2895; x_wconf 91' lang='lat'>9.</span> <span class='ocrx_word' id='word_1_370' title='bbox 1577 2857 1678 2899; x_wconf 82' lang='lat' dir='ltr'>Sect.</span> <span class='ocrx_word' id='word_1_371' title='bbox 1720 2857 1855 2894; x_wconf 89' lang='lat' dir='ltr'><strong>XIII.</strong></span> <span class='ocrx_word' id='word_1_372' title='bbox 1897 2858 2255 2907; x_wconf 85' lang='lat' dir='ltr'>Hydrodynamicae</span> 
     </span>
     <span class='ocr_line' id='line_1_53' title="bbox 1205 2910 2248 2962; baseline 0.005 -17"><span class='ocrx_word' id='word_1_373' title='bbox 1205 2910 1406 2957; x_wconf 86' lang='lat' dir='ltr'>posteriori</span> <span class='ocrx_word' id='word_1_374' title='bbox 1442 2910 1641 2947; x_wconf 85' lang='lat' dir='ltr'>sententiae</span> <span class='ocrx_word' id='word_1_375' title='bbox 1677 2911 1858 2947; x_wconf 87' lang='lat' dir='ltr'>Newtoni</span> <span class='ocrx_word' id='word_1_376' title='bbox 1897 2910 1951 2948; x_wconf 73' lang='lat' dir='ltr'>ita</span> <span class='ocrx_word' id='word_1_377' title='bbox 1989 2912 2248 2962; x_wconf 83' lang='lat' dir='ltr'>suffragatur:</span> 
     </span>
     <span class='ocr_line' id='line_1_54' title="bbox 1210 2962 2254 3002; baseline 0.004 -4"><span class='ocrx_word' id='word_1_378' title='bbox 1210 2967 1235 2985; x_wconf 89' lang='lat'>“</span> <span class='ocrx_word' id='word_1_379' title='bbox 1257 2962 1337 3000; x_wconf 79' lang='lat' dir='ltr'>Ista</span> <span class='ocrx_word' id='word_1_380' title='bbox 1368 2964 1557 2999; x_wconf 89' lang='lat' dir='ltr'>sententia</span> <span class='ocrx_word' id='word_1_381' title='bbox 1576 2976 1598 2999; x_wconf 91' lang='lat' dir='ltr'>a</span> <span class='ocrx_word' id='word_1_382' title='bbox 1616 2975 1679 2999; x_wconf 89' lang='lat' dir='ltr'>me</span> <span class='ocrx_word' id='word_1_383' title='bbox 1698 2963 1790 3000; x_wconf 90' lang='lat' dir='ltr'>olim</span> <span class='ocrx_word' id='word_1_384' title='bbox 1820 2972 1858 3000; x_wconf 90' lang='lat' dir='ltr'>et</span> <span class='ocrx_word' id='word_1_385' title='bbox 1885 2966 1933 3001; x_wconf 93' lang='lat' dir='ltr'>ab</span> <span class='ocrx_word' id='word_1_386' title='bbox 1965 2965 2050 3002; x_wconf 89' lang='lat' dir='ltr'>aliis</span> <span class='ocrx_word' id='word_1_387' title='bbox 2078 2965 2154 3002; x_wconf 81' lang='lat' dir='ltr'>fuit</span> <span class='ocrx_word' id='word_1_388' title='bbox 2181 2966 2254 3002; x_wconf 90' lang='lat' dir='ltr'>im-</span> 
     </span>
     <span class='ocr_line' id='line_1_55' title="bbox 1206 3016 2254 3064; baseline 0.005 -13"><span class='ocrx_word' id='word_1_389' title='bbox 1206 3023 1392 3064; x_wconf 85' lang='lat' dir='ltr'>pugnata,</span> <span class='ocrx_word' id='word_1_390' title='bbox 1422 3017 1470 3052; x_wconf 91' lang='lat' dir='ltr'>ab</span> <span class='ocrx_word' id='word_1_391' title='bbox 1488 3016 1573 3052; x_wconf 92' lang='lat' dir='ltr'>aliis</span> <span class='ocrx_word' id='word_1_392' title='bbox 1591 3028 1723 3053; x_wconf 89' lang='lat' dir='ltr'>rursus</span> <span class='ocrx_word' id='word_1_393' title='bbox 1748 3017 1984 3054; x_wconf 87' lang='lat' dir='ltr'>confirmata.</span> <span class='ocrx_word' id='word_1_394' title='bbox 2046 3018 2165 3056; x_wconf 92' lang='lat' dir='ltr'>Nunc</span> <span class='ocrx_word' id='word_1_395' title='bbox 2184 3032 2254 3056; x_wconf 88' lang='lat' dir='ltr'>au-</span> 
     </span>
     <span class='ocr_line' id='line_1_56' title="bbox 1210 3069 2254 3118; baseline 0.005 -14"><span class='ocrx_word' id='word_1_396' title='bbox 1210 3074 1288 3104; x_wconf 90' lang='lat' dir='ltr'>tem</span> <span class='ocrx_word' id='word_1_397' title='bbox 1310 3076 1510 3118; x_wconf 89' lang='lat' dir='ltr'>postquam</span> <span class='ocrx_word' id='word_1_398' title='bbox 1529 3069 1628 3106; x_wconf 90' lang='lat' dir='ltr'>hanc</span> <span class='ocrx_word' id='word_1_399' title='bbox 1647 3082 1836 3118; x_wconf 84' lang='lat' dir='ltr'>aquarum</span> <span class='ocrx_word' id='word_1_400' title='bbox 1852 3078 2045 3108; x_wconf 85' lang='lat' dir='ltr'>motarum</span> <span class='ocrx_word' id='word_1_401' title='bbox 2067 3073 2254 3109; x_wconf 85' lang='lat' dir='ltr'>theoriam</span> 
     </span>
     <span class='ocr_line' id='line_1_57' title="bbox 1209 3120 2255 3167; baseline 0.006 -9"><span class='ocrx_word' id='word_1_402' title='bbox 1209 3120 1418 3159; x_wconf 86' lang='lat' dir='ltr'>meditatus</span> <span class='ocrx_word' id='word_1_403' title='bbox 1437 3134 1537 3167; x_wconf 91' lang='lat' dir='ltr'>sum,</span> <span class='ocrx_word' id='word_1_404' title='bbox 1558 3122 1603 3158; x_wconf 88' lang='lat' dir='ltr'>lis</span> <span class='ocrx_word' id='word_1_405' title='bbox 1622 3121 1676 3159; x_wconf 69' lang='lat' dir='ltr'>ita</span> <span class='ocrx_word' id='word_1_406' title='bbox 1695 3123 1911 3161; x_wconf 89' lang='lat' dir='ltr'>dirimenda</span> <span class='ocrx_word' id='word_1_407' title='bbox 1929 3124 2025 3161; x_wconf 88' lang='lat' dir='ltr'>mihi</span> <span class='ocrx_word' id='word_1_408' title='bbox 2045 3125 2196 3162; x_wconf 90' lang='lat' dir='ltr'>videtur</span> <span class='ocrx_word' id='word_1_409' title='bbox 2210 3134 2255 3164; x_wconf 92' lang='lat' dir='ltr'>ut</span> 
     </span>
     <span class='ocr_line' id='line_1_58' title="bbox 1207 3175 2250 3227; baseline 0.006 -17"><span class='ocrx_word' id='word_1_410' title='bbox 1207 3187 1298 3211; x_wconf 90' lang='lat' dir='ltr'>cum</span> <span class='ocrx_word' id='word_1_411' title='bbox 1331 3187 1440 3224; x_wconf 88' lang='lat' dir='ltr'>aquae</span> <span class='ocrx_word' id='word_1_412' title='bbox 1473 3175 1522 3212; x_wconf 88' lang='lat' dir='ltr'>ad</span> <span class='ocrx_word' id='word_1_413' title='bbox 1550 3183 1699 3212; x_wconf 88' lang='lat' dir='ltr'>motum</span> <span class='ocrx_word' id='word_1_414' title='bbox 1732 3176 1967 3214; x_wconf 88' lang='lat' dir='ltr'>uniformem</span> <span class='ocrx_word' id='word_1_415' title='bbox 1996 3180 2250 3227; x_wconf 87' lang='lat' dir='ltr'>pervenerint,</span> 
     </span>
     <span class='ocr_line' id='line_1_59' title="bbox 1207 3228 2255 3278; baseline 0.006 -14"><span class='ocrx_word' id='word_1_416' title='bbox 1207 3240 1293 3276; x_wconf 90' lang='lat' dir='ltr'>quae</span> <span class='ocrx_word' id='word_1_417' title='bbox 1320 3228 1475 3277; x_wconf 89' lang='lat' dir='ltr'>quidem</span> <span class='ocrx_word' id='word_1_418' title='bbox 1495 3229 1717 3278; x_wconf 87' lang='lat' dir='ltr'>hypothesis</span> <span class='ocrx_word' id='word_1_419' title='bbox 1735 3237 1791 3266; x_wconf 82' lang='lat' dir='ltr'>est</span> <span class='ocrx_word' id='word_1_420' title='bbox 1813 3230 2008 3275; x_wconf 88' lang='lat' dir='ltr'>Newtoni,</span> <span class='ocrx_word' id='word_1_421' title='bbox 2038 3239 2133 3269; x_wconf 88' lang='lat' dir='ltr'>tunc</span> <span class='ocrx_word' id='word_1_422' title='bbox 2152 3232 2255 3270; x_wconf 70' lang='lat' dir='ltr'>recte</span> 
     </span>
     <span class='ocr_line' id='line_1_60' title="bbox 1203 3280 2254 3330; baseline 0.007 -14"><span class='ocrx_word' id='word_1_423' title='bbox 1203 3280 1408 3318; x_wconf 82' lang='lat' dir='ltr'>altitudine</span> <span class='ocrx_word' id='word_1_424' title='bbox 1438 3287 1462 3318; x_wconf 79' lang='lat'>2</span> <span class='ocrx_word' id='word_1_425' title='bbox 1486 3282 1523 3318; x_wconf 92' lang='lat' dir='ltr'>G</span> <span class='ocrx_word' id='word_1_426' title='bbox 1548 3282 1580 3326; x_wconf 93' lang='lat'>1,</span> <span class='ocrx_word' id='word_1_427' title='bbox 1603 3282 1658 3318; x_wconf 90' lang='lat' dir='ltr'>vis</span> <span class='ocrx_word' id='word_1_428' title='bbox 1678 3282 1744 3319; x_wconf 88' lang='lat' dir='ltr'>illa</span> <span class='ocrx_word' id='word_1_429' title='bbox 1762 3282 1980 3330; x_wconf 80' lang='lat' dir='ltr'>definiatur,</span> <span class='ocrx_word' id='word_1_430' title='bbox 2001 3286 2070 3324; x_wconf 89' lang='lat' dir='ltr'>sed</span> <span class='ocrx_word' id='word_1_431' title='bbox 2084 3286 2254 3323; x_wconf 86' lang='lat' dir='ltr'>abinitio</span> 
     </span>
     <span class='ocr_line' id='line_1_61' title="bbox 1203 3332 2253 3387; baseline 0.007 -18"><span class='ocrx_word' id='word_1_432' title='bbox 1203 3332 1345 3378; x_wconf 69' lang='lat' dir='ltr'>fluxus,</span> <span class='ocrx_word' id='word_1_433' title='bbox 1366 3334 1432 3371; x_wconf 91' lang='lat' dir='ltr'>ubi</span> <span class='ocrx_word' id='word_1_434' title='bbox 1453 3335 1631 3372; x_wconf 88' lang='lat' dir='ltr'>velocitas</span> <span class='ocrx_word' id='word_1_435' title='bbox 1649 3336 1776 3373; x_wconf 88' lang='lat' dir='ltr'>adhuc</span> <span class='ocrx_word' id='word_1_436' title='bbox 1795 3337 1904 3373; x_wconf 88' lang='lat' dir='ltr'>nulla</span> <span class='ocrx_word' id='word_1_437' title='bbox 1924 3345 1992 3382; x_wconf 83' lang='lat' dir='ltr'>est,</span> <span class='ocrx_word' id='word_1_438' title='bbox 2009 3339 2066 3376; x_wconf 89' lang='lat' dir='ltr'>vis</span> <span class='ocrx_word' id='word_1_439' title='bbox 2085 3338 2253 3387; x_wconf 86' lang='lat' dir='ltr'>simplici</span> 
     </span>
     <span class='ocr_line' id='line_1_62' title="bbox 1205 3386 2254 3441; baseline 0.007 -19"><span class='ocrx_word' id='word_1_440' title='bbox 1205 3386 1399 3423; x_wconf 79' lang='lat' dir='ltr'>altitudini</span> <span class='ocrx_word' id='word_1_441' title='bbox 1441 3388 1478 3425; x_wconf 93' lang='lat' dir='ltr'>G</span> <span class='ocrx_word' id='word_1_442' title='bbox 1512 3388 1531 3424; x_wconf 95' lang='lat' dir='ltr'><strong>I</strong></span> <span class='ocrx_word' id='word_1_443' title='bbox 1571 3388 1809 3436; x_wconf 86' lang='lat' dir='ltr'>respondeat,</span> <span class='ocrx_word' id='word_1_444' title='bbox 1857 3403 2025 3441; x_wconf 86' lang='lat' dir='ltr'>moxque</span> <span class='ocrx_word' id='word_1_445' title='bbox 2061 3400 2254 3429; x_wconf 87' lang='lat' dir='ltr'>crescente</span> 
     </span>
     <span class='ocr_line' id='line_1_63' title="bbox 1205 3439 2255 3491; baseline 0.008 -17"><span class='ocrx_word' id='word_1_446' title='bbox 1205 3439 1416 3485; x_wconf 87' lang='lat' dir='ltr'>velocitate,</span> <span class='ocrx_word' id='word_1_447' title='bbox 1441 3440 1556 3478; x_wconf 90' lang='lat' dir='ltr'>simul</span> <span class='ocrx_word' id='word_1_448' title='bbox 1576 3441 1633 3478; x_wconf 91' lang='lat' dir='ltr'>vis</span> <span class='ocrx_word' id='word_1_449' title='bbox 1651 3454 1791 3491; x_wconf 89' lang='lat' dir='ltr'>aquam</span> <span class='ocrx_word' id='word_1_450' title='bbox 1810 3442 1859 3480; x_wconf 87' lang='lat' dir='ltr'>ad</span> <span class='ocrx_word' id='word_1_451' title='bbox 1879 3443 2064 3481; x_wconf 88' lang='lat' dir='ltr'>effluxum</span> <span class='ocrx_word' id='word_1_452' title='bbox 2079 3446 2255 3482; x_wconf 89' lang='lat' dir='ltr'>animans</span> 
     </span>
     <span class='ocr_line' id='line_1_64' title="bbox 1205 3493 2252 3548; baseline 0.007 -20"><span class='ocrx_word' id='word_1_453' title='bbox 1205 3501 1358 3538; x_wconf 88' lang='lat' dir='ltr'>crescat,</span> <span class='ocrx_word' id='word_1_454' title='bbox 1379 3501 1417 3530; x_wconf 89' lang='lat' dir='ltr'>et</span> <span class='ocrx_word' id='word_1_455' title='bbox 1435 3493 1592 3531; x_wconf 88' lang='lat' dir='ltr'>tandem</span> <span class='ocrx_word' id='word_1_456' title='bbox 1613 3494 1662 3531; x_wconf 91' lang='lat' dir='ltr'>ad</span> <span class='ocrx_word' id='word_1_457' title='bbox 1681 3508 1765 3532; x_wconf 86' lang='lat' dir='ltr'>eam</span> <span class='ocrx_word' id='word_1_458' title='bbox 1786 3497 2099 3548; x_wconf 85' lang='lat' dir='ltr'>magnitudinem</span> <span class='ocrx_word' id='word_1_459' title='bbox 2119 3510 2252 3534; x_wconf 85' lang='lat' dir='ltr'>exsur-</span> 
     </span>
     <span class='ocr_line' id='line_1_65' title="bbox 1204 3546 2252 3599; baseline 0.007 -18"><span class='ocrx_word' id='word_1_460' title='bbox 1204 3554 1270 3595; x_wconf 81' lang='lat' dir='ltr'>gat</span> <span class='ocrx_word' id='word_1_461' title='bbox 1280 3558 1396 3595; x_wconf 87' lang='lat' dir='ltr'>quam</span> <span class='ocrx_word' id='word_1_462' title='bbox 1414 3546 1631 3584; x_wconf 86' lang='lat' dir='ltr'>Newtonus</span> <span class='ocrx_word' id='word_1_463' title='bbox 1642 3549 1846 3599; x_wconf 78' lang='lat' dir='ltr'>assignavit</span> <span class='ocrx_word' id='word_1_464' title='bbox 1848 3577 1972 3587; x_wconf 89' lang='grc'><strong>.....</strong></span> <span class='ocrx_word' id='word_1_465' title='bbox 2004 3550 2125 3588; x_wconf 74' lang='lat' dir='ltr'>Recte</span> <span class='ocrx_word' id='word_1_466' title='bbox 2137 3550 2252 3588; x_wconf 88' lang='lat' dir='ltr'>etiam</span> 
     </span>
     <span class='ocr_line' id='line_1_66' title="bbox 1207 3598 2253 3653; baseline 0.007 -19"><span class='ocrx_word' id='word_1_467' title='bbox 1207 3598 1260 3635; x_wconf 88' lang='lat' dir='ltr'>ill.</span> <span class='ocrx_word' id='word_1_468' title='bbox 1289 3598 1483 3644; x_wconf 83' lang='lat' dir='ltr'>Riccatus,</span> <span class='ocrx_word' id='word_1_469' title='bbox 1519 3613 1609 3637; x_wconf 88' lang='lat' dir='ltr'>cum</span> <span class='ocrx_word' id='word_1_470' title='bbox 1637 3614 1714 3650; x_wconf 91' lang='lat' dir='ltr'>quo</span> <span class='ocrx_word' id='word_1_471' title='bbox 1740 3602 1836 3639; x_wconf 87' lang='lat' dir='ltr'>mihi</span> <span class='ocrx_word' id='word_1_472' title='bbox 1864 3604 1912 3641; x_wconf 89' lang='lat' dir='ltr'>de</span> <span class='ocrx_word' id='word_1_473' title='bbox 1932 3604 2004 3640; x_wconf 82' lang='lat' dir='ltr'>hoc</span> <span class='ocrx_word' id='word_1_474' title='bbox 2023 3612 2253 3653; x_wconf 84' lang='lat' dir='ltr'>argumento</span> 
     </span>
     <span class='ocr_line' id='line_1_67' title="bbox 1207 3652 2251 3706; baseline 0.007 -20"><span class='ocrx_word' id='word_1_475' title='bbox 1207 3663 1267 3687; x_wconf 84' lang='lat' dir='ltr'>res</span> <span class='ocrx_word' id='word_1_476' title='bbox 1284 3660 1376 3696; x_wconf 88' lang='lat' dir='ltr'>erat,</span> <span class='ocrx_word' id='word_1_477' title='bbox 1397 3652 1664 3703; x_wconf 86' lang='lat' dir='ltr'>interrogatus,</span> <span class='ocrx_word' id='word_1_478' title='bbox 1695 3654 1800 3693; x_wconf 75' lang='lat' dir='ltr'>unde</span> <span class='ocrx_word' id='word_1_479' title='bbox 1820 3656 1874 3692; x_wconf 84' lang='lat' dir='ltr'>vis</span> <span class='ocrx_word' id='word_1_480' title='bbox 1892 3656 1957 3693; x_wconf 87' lang='lat' dir='ltr'>illa</span> <span class='ocrx_word' id='word_1_481' title='bbox 1975 3656 2104 3703; x_wconf 90' lang='lat' dir='ltr'>duplae</span> <span class='ocrx_word' id='word_1_482' title='bbox 2133 3668 2251 3706; x_wconf 85' lang='lat' dir='ltr'>aqua-</span> 
     </span>
     <span class='ocr_line' id='line_1_68' title="bbox 1206 3705 2249 3757; baseline 0.008 -17"><span class='ocrx_word' id='word_1_483' title='bbox 1206 3716 1294 3740; x_wconf 88' lang='lat' dir='ltr'>rum</span> <span class='ocrx_word' id='word_1_484' title='bbox 1313 3705 1509 3742; x_wconf 86' lang='lat' dir='ltr'>altitudini</span> <span class='ocrx_word' id='word_1_485' title='bbox 1528 3708 1760 3745; x_wconf 89' lang='lat' dir='ltr'>conveniens</span> <span class='ocrx_word' id='word_1_486' title='bbox 1779 3709 1868 3746; x_wconf 83' lang='lat' dir='ltr'>oriri</span> <span class='ocrx_word' id='word_1_487' title='bbox 1896 3709 2025 3757; x_wconf 82' lang='lat' dir='ltr'>possit,</span> <span class='ocrx_word' id='word_1_488' title='bbox 2061 3722 2152 3746; x_wconf 90' lang='lat' dir='ltr'>cum</span> <span class='ocrx_word' id='word_1_489' title='bbox 2180 3712 2249 3748; x_wconf 87' lang='lat' dir='ltr'>ob-</span> 
     </span>
     <span class='ocr_line' id='line_1_69' title="bbox 1206 3758 2250 3811; baseline 0.006 -17"><span class='ocrx_word' id='word_1_490' title='bbox 1206 3765 1333 3794; x_wconf 81' lang='lat' dir='ltr'>turato</span> <span class='ocrx_word' id='word_1_491' title='bbox 1351 3758 1508 3802; x_wconf 82' lang='lat' dir='ltr'>orificio,</span> <span class='ocrx_word' id='word_1_492' title='bbox 1538 3768 1650 3810; x_wconf 90' lang='lat' dir='ltr'>gutta</span> <span class='ocrx_word' id='word_1_493' title='bbox 1668 3760 1791 3799; x_wconf 88' lang='lat' dir='ltr'>eidem</span> <span class='ocrx_word' id='word_1_494' title='bbox 1821 3762 2028 3798; x_wconf 86' lang='lat' dir='ltr'>imminens</span> <span class='ocrx_word' id='word_1_495' title='bbox 2047 3763 2081 3798; x_wconf 89' lang='lat' dir='ltr'>vi</span> <span class='ocrx_word' id='word_1_496' title='bbox 2102 3762 2250 3811; x_wconf 88' lang='lat' dir='ltr'>simpli-</span> 
     </span>
     <span class='ocr_line' id='line_1_70' title="bbox 1206 3809 2248 3864; baseline 0.007 -17"><span class='ocrx_word' id='word_1_497' title='bbox 1206 3809 1261 3847; x_wconf 90' lang='lat' dir='ltr'>cis</span> <span class='ocrx_word' id='word_1_498' title='bbox 1279 3810 1493 3848; x_wconf 86' lang='lat' dir='ltr'>altitudinis</span> <span class='ocrx_word' id='word_1_499' title='bbox 1512 3813 1641 3863; x_wconf 84' lang='lat' dir='ltr'>urgeri</span> <span class='ocrx_word' id='word_1_500' title='bbox 1660 3814 1861 3852; x_wconf 75' lang='lat' dir='ltr'>manifeste</span> <span class='ocrx_word' id='word_1_501' title='bbox 1880 3823 2070 3863; x_wconf 86' lang='lat' dir='ltr'>appareat,</span> <span class='ocrx_word' id='word_1_502' title='bbox 2091 3828 2248 3864; x_wconf 88' lang='lat' dir='ltr'>respon-</span> 
     </span>
     <span class='ocr_line' id='line_1_71' title="bbox 1206 3862 2245 3918; baseline 0.007 -18"><span class='ocrx_word' id='word_1_503' title='bbox 1206 3862 1263 3901; x_wconf 89' lang='lat' dir='ltr'>dit</span> <span class='ocrx_word' id='word_1_504' title='bbox 1294 3863 1614 3916; x_wconf 87' lang='lat' dir='ltr'>distinguendum</span> <span class='ocrx_word' id='word_1_505' title='bbox 1646 3879 1725 3905; x_wconf 89' lang='lat' dir='ltr'>esse</span> <span class='ocrx_word' id='word_1_506' title='bbox 1756 3875 1899 3905; x_wconf 80' lang='lat' dir='ltr'>statum</span> <span class='ocrx_word' id='word_1_507' title='bbox 1928 3868 2068 3918; x_wconf 83' lang='lat' dir='ltr'>quietis</span> <span class='ocrx_word' id='word_1_508' title='bbox 2094 3882 2117 3907; x_wconf 88' lang='lat' dir='ltr'>a</span> <span class='ocrx_word' id='word_1_509' title='bbox 2144 3877 2245 3908; x_wconf 87' lang='lat' dir='ltr'>statu</span> 
     </span>
    </p>
   </div>
  </div>
 </body>
</html>
