2502 4192
203 311 303 357 142
734 288 1297 352 PHILOSOPHIAE
1325 291 1774 344 NATURALIS
1866 291 2048 355 [Mor.
2078 290 2328 341 Conpon.

2030 431 2309 484 SAcub.

2092 516 2268 585 SAq
2316 501 2332 526 ’

790 629 807 694 )
850 633 1118 678 sumantur
1160 623 1216 673 in
1257 618 1618 690 progressione
1660 617 2007 681 arithmeticen
2057 618 2335 672 densitates

200 497 318 532 rum
366 477 726 528 distantlarum
778 473 815 524 S
854 470 920 533 A,
966 470 1004 521 S
1041 468 1106 530 B,
1149 468 1186 519 S
1216 467 1278 527 C,
1330 464 1424 515 διο.
1469 462 1733 531 reciproca
1777 467 1984 531 (nempe

204 605 242 657 S
269 605 320 656 A
345 603 461 655 cub.
527 601 565 653 S
592 601 642 651 A
668 599 782 650 cub.

240 688 278 740 S
306 686 352 738 B
379 705 414 755 q
464 670 481 695 ⁹
571 685 609 736 S
638 683 682 733 C
708 701 743 750 q

204 777 254 828 A
283 775 359 838 H,
390 775 436 826 B
463 775 508 835 Ι,
550 773 596 824 C
627 771 696 833 K,
735 770 830 821 &c.
870 776 1022 820 erunt
1045 765 1100 816 in
1124 761 1487 833 progressione
1522 758 1851 832 geometrica.
1929 759 2001 811 Et
2035 760 2079 811 si
2112 760 2336 830 gravitas

201 864 518 916 diminuatur
552 860 608 911 in
632 856 930 929 quadrupli-

202 951 315 1005 cata
334 949 537 1002 ratione
556 946 935 1006 distantiarum,

204 1051 256 1093 et
293 1039 544 1092 cuborum
582 1036 945 1089 distantiarum
1027 1024 1065 1065 F

203 1161 471 1231 reciproca
510 1163 659 1229 (puta
688 1128 725 1179 S
752 1128 804 1178 A
830 1146 864 1195 q
889 1146 922 1196 q
1031 1151 1065 1190 13

686 1214 723 1265 S
734 1213 785 1263 A
801 1196 941 1263 cub.’
1026 1265 1065 1300 1)

206 1304 462 1397 Q,
500 1302 763 1395 Q,
815 1332 948 1397 sce.)
1036 1346 1067 1383 c

209 1387 307 1440 SB
325 1387 443 1438 cub.
506 1388 543 1438 S
563 1386 608 1437 C
625 1385 740 1436 cub.
824 1406 827 1409 ·
1031 1410 1068 1447 13
2254 1430 2300 1470 Η

203 1486 476 1529 sumantur
500 1477 554 1527 in
578 1476 945 1548 progressione
1025 1468 1069 1507 1A

201 1565 525 1619 arithmetica
550 1587 565 1629 3
663 1566 946 1620 densitates
1983 1617 1993 1626 .

204 1657 260 1708 A
282 1656 358 1720 H,
383 1656 429 1708 B
449 1656 492 1719 I,
519 1656 564 1708 C
587 1656 657 1719 Κ,
685 1656 780 1709 &c.
798 1666 950 1709 erunt
1667 1648 1670 1651 ’
1676 1648 1753 1653 ””””
1757 1650 1769 1683 ”

203 1747 260 1797 in
286 1746 649 1817 progressione
665 1746 946 1817 geometri·
1066 1754 1093 1791 S
1507 1761 1537 1790 z
1571 1755 1610 1797 y
1637 1753 1674 1778 x
1756 1759 1811 1794 w
1955 1756 1987 1775 ι(
2263 1756 2281 1781 1·-

207 1833 284 1885 ca.
361 1834 431 1886 Et
467 1834 539 1886 sic
575 1835 630 1885 in
666 1834 943 1887 infinitum.

210 1923 415 1974 Rursus
455 1923 499 1973 si
533 1922 756 1993 gravitas
791 1924 1161 1992 particularum
1196 1923 1344 1976 fluidi
1386 1923 1441 1975 in
1477 1921 1718 1975 omnibus
1754 1920 2010 1973 distantiis
2044 1919 2226 1973 eadem
2264 1920 2346 1984 sit,

209 2024 260 2065 et
286 2014 542 2065 distantiae
569 2014 672 2065 sint
696 2014 750 2064 in
773 2015 1137 2086 progressione
1162 2012 1485 2066 arithmetica
1519 2012 1798 2065 densitates
1836 2021 1989 2063 erunt
2024 2011 2078 2061 in
2103 2028 2349 2082 progres-

210 2102 352 2154 sione
377 2102 708 2174 geometrica,
731 2103 806 2154 uti
821 2104 898 2154 vir
917 2104 1083 2155 claris.
1104 2103 1412 2155 Edmundus
1432 2101 1682 2154 ·Halleius
1707 2100 1916 2152 invenit.
1972 2101 2028 2153 Si
2046 2101 2268 2171 gravitas
2285 2099 2351 2150 sit

209 2202 267 2243 ut
309 2188 565 2253 distantia,
611 2201 662 2242 et
699 2192 949 2261 quadrata
987 2193 1346 2244 distantiarum
1383 2193 1486 2243 sint
1522 2192 1574 2242 in
1613 2190 1974 2261 progressione
2010 2189 2348 2253 arithmetica,

213 2279 489 2331 densitates
528 2289 680 2330 erunt
704 2280 758 2330 in
783 2282 1146 2352 progressione
1182 2280 1512 2352 geometrica.
1589 2280 1660 2332 Et
1685 2280 1757 2332 sic
1781 2280 1835 2331 in
1860 2279 2137 2332 infinitum.
2213 2280 2352 2332 Haec

210 2371 282 2420 ita
307 2387 361 2420 se
387 2367 579 2419 habent
603 2368 694 2419 ubi
717 2368 865 2420 fluidi
901 2370 1283 2438 compressione
1321 2369 1622 2421 condensati
1659 2369 1883 2421 densitas
1910 2379 1988 2421 est
2011 2379 2071 2421 ut
2094 2369 2169 2420 vis
2211 2388 2352 2420 com-

211 2458 506 2527 pressioniS,
552 2457 650 2521 vel,
697 2458 837 2528 quod
873 2459 1089 2528 perinde
1115 2470 1206 2523 est,
1250 2459 1471 2529 spatium
1496 2477 1527 2509 a
1550 2458 1711 2509 fluido
1746 2469 2054 2527 occupatum
2087 2455 2351 2525 reciproce

212 2560 269 2600 ut
292 2549 407 2601 haec
431 2550 522 2601 vis.
603 2549 757 2621 Fingi
780 2561 999 2619 possunt
1024 2551 1139 2602 aliae
1165 2549 1579 2602 condensationis
1605 2548 1764 2619 legeS,
1803 2558 1861 2599 ut
1897 2547 2039 2618 qued
2077 2547 2239 2599 cubus
2277 2547 2353 2598 vis

214 2638 600 2707 comprimentis
637 2639 702 2690 sit
738 2648 796 2689 ut
832 2639 1420 2710 quadrato-quadratum
1462 2637 1746 2699 densitatis,
1798 2655 1889 2687 seu
1932 2635 2187 2703 triplicata
2223 2635 2354 2686 ratio

214 2728 286 2778 vis
313 2727 494 2779 eadem
521 2746 639 2779 cum
665 2727 1053 2797 quadruplicata
1080 2728 1276 2779 ratIOne
1301 2725 1582 2778 densitatiS.
1659 2725 1782 2786 Quo
1806 2724 1860 2774 in
1887 2741 2022 2786 casu,
2064 2724 2106 2774 si
2129 2723 2353 2794 gravitas

215 2830 292 2870 est
316 2816 579 2887 reciproce
603 2829 662 2870 ut
686 2818 993 2889 quadratum
1031 2819 1286 2871 distantiae
1312 2837 1343 2869 a
1367 2827 1561 2878 centr0,
1604 2815 1827 2867 densitas
1865 2814 1961 2866 erit
1996 2812 2260 2881 reciproce
2296 2822 2355 2864 ut

216 2908 376 2959 cubus
403 2907 676 2958 distantiae.
754 2907 1006 2978 Fingatur
1031 2907 1172 2977 qued
1198 2907 1361 2959 cubus
1385 2905 1462 2956 vis
1488 2903 1872 2973 comprimentis
1899 2902 1965 2954 sit
1989 2912 2048 2953 ut
2079 2901 2353 2971 quadrato-

217 2995 378 3046 cubus
403 2994 685 3057 densitatiS,
715 3004 765 3047 et
791 2996 833 3045 si
857 2995 1083 3066 gravitas
1108 3005 1186 3047 est
1211 2992 1475 3063 reciproce
1496 3003 1554 3044 ut
1578 2991 1888 3062 quadratum
1913 2990 2186 3052 distantiae,
2226 3004 2354 3041 aen-

218 3085 337 3135 sitas
363 3085 459 3135 erit
484 3084 746 3152 reciproce
771 3085 826 3135 in
853 3084 1212 3154 sesquiplicata
1239 3083 1437 3135 ratione
1462 3081 1733 3134 distantiae.
1812 3079 2064 3153 Fingatur
2100 3077 2242 3147 qued
2277 3078 2353 3129 vis

219 3175 564 3243 comprimens
602 3175 668 3226 sit
703 3175 757 3226 in
794 3174 1052 3243 duplicata
1090 3174 1288 3226 ratione
1332 3171 1614 3233 densitatiS,
1662 3180 1714 3221 et
1741 3169 1965 3240 gravitas
1996 3165 2259 3235 reciproce
2299 3166 2355 3217 in
2405 3206 2412 3209 κ

219 3266 417 3317 ratione
444 3266 703 3335 duplicata
730 3266 1001 3328 distantiae,
1030 3276 1081 3318 et
1107 3265 1334 3317 densitas
1359 3264 1457 3315 erit
1481 3259 1745 3329 reciproce
1771 3269 1830 3310 ut
1854 3257 2109 3309 distantia.
2170 3258 2232 3326 (³)
2253 3255 2355 3308 Ca-

222 3372 307 3405 sus
333 3371 513 3404 omnes
538 3371 841 3421 percurrere
867 3353 1081 3423 longum
1108 3361 1257 3404 esset.
1336 3347 1595 3402 Caeterfim
1633 3365 1728 3416 per
1766 3346 2119 3414 experimenta
2156 3353 2357 3395 constat

222 3440 363 3511 qued
398 3440 618 3492 densitas
643 3441 774 3492 ae'ris
802 3441 867 3492 sit
891 3451 948 3492 ut
972 3442 1047 3493 vis
1074 3440 1418 3509 comprimens
1456 3437 1538 3489 vel
1566 3434 1825 3497 accurate,
1868 3434 1949 3486 vel
1985 3433 2164 3485 saltem
2200 3431 2355 3503 quam

221 3529 486 3596 proxime:
526 3539 578 3580 et
601 3540 875 3597 propterea
912 3530 1136 3582 densitas
1175 3529 1304 3581 a’e‘ris
1330 3529 1384 3579 in
1409 3524 1752 3595 atmosphaerz'i
1771 3524 1952 3576 Terrae
1978 3532 2127 3575 estut
2150 3522 2355 3591 pondus

223 3618 353 3669 a'eris
378 3618 535 3670 totius
559 3617 917 3681 incumbentis,
944 3619 1000 3671 id
1024 3630 1117 3682 est,
1144 3628 1203 3670 ut
1226 3616 1442 3669 altitudo
1467 3614 1707 3668 mercurii
1732 3614 1786 3665 in
1810 3613 2121 3665 barometro.

278 3756 335 3809 (⁸)
368 3762 454 3796 178.
483 3760 504 3782 ¹*
540 3760 656 3798 Casus
691 3770 821 3796 omnes
852 3771 1079 3808 percurrere
1109 3761 1267 3808 longum
1319 3769 1367 3793 ex
1385 3755 1463 3807 quii
1481 3754 1622 3806 SInguli
1650 3765 1760 3792 casus
1785 3764 1857 3802 pro
1882 3750 2008 3790 lubitu
2027 3757 2222 3787 eruantur.
2281 3748 2356 3808 Iis-

223 3817 337 3857 esset,-
370 3812 489 3849 satius
515 3811 587 3849 erit
615 3809 834 3862 generalem
864 3810 1074 3850 formulam
1106 3812 1266 3856 tradere,
1321 3809 1408 3847 dem
1423 3808 1553 3859 igitur,
1569 3820 1655 3859 quae
1670 3819 1795 3856 supra,
1817 3804 1959 3854 positis,
1978 3803 2026 3842 sit
2039 3802 2218 3841 distantia
2236 3812 2355 3839 vana-
