<?xml version="1.0" encoding="UTF-8"?>
<!DOCTYPE html PUBLIC "-//W3C//DTD XHTML 1.0 Transitional//EN"
    "http://www.w3.org/TR/xhtml1/DTD/xhtml1-transitional.dtd">
<html xmlns="http://www.w3.org/1999/xhtml" xml:lang="en" lang="en">
 <head>
  <title>
</title>
<meta http-equiv="Content-Type" content="text/html;charset=utf-8" />
  <meta name='ocr-system' content='tesseract 3.04.00' />
  <meta name='ocr-capabilities' content='ocr_page ocr_carea ocr_par ocr_line ocrx_word'/>
</head>
<body>
  <div class='ocr_page' id='page_1' title='image "./philonatrualprin02newtrich_0026.png"; bbox 0 0 2502 4192; ppageno 0'>
   <div class='ocr_carea' id='block_1_1' title="bbox 260 275 2367 340">
    <p class='ocr_par' dir='ltr' id='par_1_1' title="bbox 260 275 2367 340">
     <span class='ocr_line' id='line_1_1' title="bbox 260 275 2367 340; baseline 0 -13"><span class='ocrx_word' id='word_1_1' title='bbox 260 284 324 328; x_wconf 80' lang='lat'><strong>14·</strong></span> <span class='ocrx_word' id='word_1_2' title='bbox 772 276 1337 331; x_wconf 87' lang='lat' dir='ltr'><strong>PHILOSOPHIAE</strong></span> <span class='ocrx_word' id='word_1_3' title='bbox 1377 275 1826 330; x_wconf 89' lang='lat' dir='ltr'><strong>NATURALIS</strong></span> <span class='ocrx_word' id='word_1_4' title='bbox 1939 277 2367 340; x_wconf 78' lang='lat' dir='ltr'><strong>[Mor.CoRPoR</strong></span> 
     </span>
    </p>
   </div>
   <div class='ocr_carea' id='block_1_2' title="bbox 195 418 2384 1926">
    <p class='ocr_par' dir='ltr' id='par_1_2' title="bbox 195 418 2384 1656">
     <span class='ocr_line' id='line_1_2' title="bbox 251 418 2381 490; baseline -0.001 -17"><span class='ocrx_word' id='word_1_5' title='bbox 251 431 356 473; x_wconf 88' lang='lat' dir='ltr'><strong>tas:</strong></span> <span class='ocrx_word' id='word_1_6' title='bbox 388 421 450 490; x_wconf 71' lang='lat' dir='ltr'><strong>(d)</strong></span> <span class='ocrx_word' id='word_1_7' title='bbox 479 420 575 472; x_wconf 87' lang='lat' dir='ltr'><strong>erit</strong></span> <span class='ocrx_word' id='word_1_8' title='bbox 599 419 985 471; x_wconf 87' lang='lat' dir='ltr'><strong>decrementum</strong></span> <span class='ocrx_word' id='word_1_9' title='bbox 1010 419 1291 471; x_wconf 80' lang='lat' dir='ltr'><strong>velocitatis</strong></span> <span class='ocrx_word' id='word_1_10' title='bbox 1320 418 1534 488; x_wconf 88' lang='lat' dir='ltr'><strong>singulis</strong></span> <span class='ocrx_word' id='word_1_11' title='bbox 1560 418 1806 487; x_wconf 76' lang='lat' dir='ltr'><strong>temporIS</strong></span> <span class='ocrx_word' id='word_1_12' title='bbox 1831 418 2094 487; x_wconf 83' lang='lat' dir='ltr'>particulis</span> <span class='ocrx_word' id='word_1_13' title='bbox 2119 428 2177 470; x_wconf 91' lang='lat' dir='ltr'><strong>ut</strong></span> <span class='ocrx_word' id='word_1_14' title='bbox 2203 419 2381 470; x_wconf 88' lang='lat' dir='ltr'><strong>eadem</strong></span> 
     </span>
     <span class='ocr_line' id='line_1_3' title="bbox 250 506 2381 579; baseline -0.002 -17"><span class='ocrx_word' id='word_1_15' title='bbox 250 511 508 563; x_wconf 87' lang='lat' dir='ltr'><strong>velocitas.</strong></span> <span class='ocrx_word' id='word_1_16' title='bbox 588 511 720 561; x_wconf 84' lang='lat' dir='ltr'><strong>Sunt</strong></span> <span class='ocrx_word' id='word_1_17' title='bbox 744 527 870 579; x_wconf 87' lang='lat' dir='ltr'><strong>ergo</strong></span> <span class='ocrx_word' id='word_1_18' title='bbox 895 509 1188 560; x_wconf 85' lang='lat' dir='ltr'><strong>velocitates</strong></span> <span class='ocrx_word' id='word_1_19' title='bbox 1215 507 1516 559; x_wconf 86' lang='lat' dir='ltr'><strong>differentiis</strong></span> <span class='ocrx_word' id='word_1_20' title='bbox 1543 506 1649 559; x_wconf 88' lang='lat' dir='ltr'><strong>suis</strong></span> <span class='ocrx_word' id='word_1_21' title='bbox 1674 509 2105 576; x_wconf 84' lang='lat' dir='ltr'><strong>proportionales,</strong></span> <span class='ocrx_word' id='word_1_22' title='bbox 2148 518 2200 561; x_wconf 90' lang='lat' dir='ltr'><strong>et</strong></span> <span class='ocrx_word' id='word_1_23' title='bbox 2223 527 2381 576; x_wconf 93' lang='lat' dir='ltr'><strong>prop-</strong></span> 
     </span>
     <span class='ocr_line' id='line_1_4' title="bbox 247 597 2384 670; baseline -0.001 -17"><span class='ocrx_word' id='word_1_24' title='bbox 247 611 387 653; x_wconf 86' lang='lat' dir='ltr'><strong>terea</strong></span> <span class='ocrx_word' id='word_1_25' title='bbox 428 605 543 670; x_wconf 90' lang='lat' dir='ltr'><strong>(per</strong></span> <span class='ocrx_word' id='word_1_26' title='bbox 569 600 717 651; x_wconf 89' lang='lat' dir='ltr'><strong>Lem.</strong></span> <span class='ocrx_word' id='word_1_27' title='bbox 746 600 790 651; x_wconf 88' lang='lat' dir='ltr'><strong>I.</strong></span> <span class='ocrx_word' id='word_1_28' title='bbox 821 599 936 650; x_wconf 90' lang='lat' dir='ltr'>Lib.</span> <span class='ocrx_word' id='word_1_29' title='bbox 967 600 1064 665; x_wconf 93' lang='lat' dir='ltr'><strong>II.)</strong></span> <span class='ocrx_word' id='word_1_30' title='bbox 1105 597 1345 650; x_wconf 73' lang='lat' dir='ltr'><strong>continue</strong></span> <span class='ocrx_word' id='word_1_31' title='bbox 1382 599 1813 667; x_wconf 82' lang='lat' dir='ltr'><strong>proportionales.</strong></span> <span class='ocrx_word' id='word_1_32' title='bbox 1891 601 1951 669; x_wconf 62' lang='grc' dir='ltr'><strong>(θ)</strong></span> <span class='ocrx_word' id='word_1_33' title='bbox 1994 600 2223 651; x_wconf 89' lang='lat' dir='ltr'><strong>Proinde</strong></span> <span class='ocrx_word' id='word_1_34' title='bbox 2250 600 2292 650; x_wconf 91' lang='lat' dir='ltr'><strong>si</strong></span> <span class='ocrx_word' id='word_1_35' title='bbox 2317 618 2384 651; x_wconf 66' lang='lat' dir='ltr'><strong>ex</strong></span> 
     </span>
     <span class='ocr_line' id='line_1_5' title="bbox 245 689 2378 760; baseline -0 -18"><span class='ocrx_word' id='word_1_36' title='bbox 245 692 434 760; x_wconf 88' lang='lat' dir='ltr'><strong>aequali</strong></span> <span class='ocrx_word' id='word_1_37' title='bbox 475 689 848 758; x_wconf 84' lang='lat' dir='ltr'><strong>particularum</strong></span> <span class='ocrx_word' id='word_1_38' title='bbox 885 707 1103 740; x_wconf 87' lang='lat' dir='ltr'><strong>numero</strong></span> <span class='ocrx_word' id='word_1_39' title='bbox 1144 701 1521 757; x_wconf 88' lang='lat' dir='ltr'><strong>componantur</strong></span> <span class='ocrx_word' id='word_1_40' title='bbox 1563 699 1800 757; x_wconf 88' lang='lat' dir='ltr'><strong>tempora</strong></span> <span class='ocrx_word' id='word_1_41' title='bbox 1849 690 2093 759; x_wconf 82' lang='lat' dir='ltr'><strong>quaelibet</strong></span> <span class='ocrx_word' id='word_1_42' title='bbox 2142 690 2378 759; x_wconf 76' lang='lat' dir='ltr'><strong>aequalia,</strong></span> 
     </span>
     <span class='ocr_line' id='line_1_6' title="bbox 247 778 2383 850; baseline -0 -18"><span class='ocrx_word' id='word_1_43' title='bbox 247 790 398 832; x_wconf 88' lang='lat' dir='ltr'><strong>erunt</strong></span> <span class='ocrx_word' id='word_1_44' title='bbox 424 780 715 831; x_wconf 88' lang='lat' dir='ltr'><strong>velocitates</strong></span> <span class='ocrx_word' id='word_1_45' title='bbox 742 778 863 847; x_wconf 90' lang='lat' dir='ltr'><strong>ipsis</strong></span> <span class='ocrx_word' id='word_1_46' title='bbox 902 788 1197 846; x_wconf 89' lang='lat' dir='ltr'><strong>temporum</strong></span> <span class='ocrx_word' id='word_1_47' title='bbox 1234 778 1406 841; x_wconf 87' lang='lat' dir='ltr'><strong>initiis,</strong></span> <span class='ocrx_word' id='word_1_48' title='bbox 1455 788 1511 830; x_wconf 91' lang='lat' dir='ltr'><strong>ut</strong></span> <span class='ocrx_word' id='word_1_49' title='bbox 1547 780 1756 830; x_wconf 89' lang='lat' dir='ltr'><strong>termini</strong></span> <span class='ocrx_word' id='word_1_50' title='bbox 1780 780 1834 829; x_wconf 93' lang='lat' dir='ltr'><strong>in</strong></span> <span class='ocrx_word' id='word_1_51' title='bbox 1860 780 2222 850; x_wconf 88' lang='lat' dir='ltr'><strong>progressione</strong></span> <span class='ocrx_word' id='word_1_52' title='bbox 2261 799 2383 831; x_wconf 92' lang='lat' dir='ltr'><strong>con-</strong></span> 
     </span>
     <span class='ocr_line' id='line_1_7' title="bbox 245 856 2383 944; baseline -0.001 -24"><span class='ocrx_word' id='word_1_53' title='bbox 245 868 406 931; x_wconf 71' lang='lat' dir='ltr'><strong>tinua,</strong></span> <span class='ocrx_word' id='word_1_54' title='bbox 447 868 535 937; x_wconf 90' lang='lat' dir='ltr'><strong>qui</strong></span> <span class='ocrx_word' id='word_1_55' title='bbox 569 885 665 936; x_wconf 88' lang='lat' dir='ltr'><strong>per</strong></span> <span class='ocrx_word' id='word_1_56' title='bbox 703 867 891 918; x_wconf 89' lang='lat' dir='ltr'><strong>saltum</strong></span> <span class='ocrx_word' id='word_1_57' title='bbox 917 867 1190 935; x_wconf 88' lang='lat' dir='ltr'><strong>capiuntur</strong></span> <span class='ocrx_word' id='word_1_58' title='bbox 1215 866 1405 917; x_wconf 88' lang='lat' dir='ltr'><strong>omisso</strong></span> <span class='ocrx_word' id='word_1_59' title='bbox 1431 856 1623 934; x_wconf 87' lang='lat' dir='ltr'><strong>passim</strong></span> <span class='ocrx_word' id='word_1_60' title='bbox 1648 867 1835 944; x_wconf 79' lang='lat' dir='ltr'><strong>aequali</strong></span> <span class='ocrx_word' id='word_1_61' title='bbox 1860 868 2201 918; x_wconf 87' lang='lat' dir='ltr'><strong>terminorum</strong></span> <span class='ocrx_word' id='word_1_62' title='bbox 2225 868 2383 919; x_wconf 89' lang='lat' dir='ltr'><strong>inter-</strong></span> 
     </span>
     <span class='ocr_line' id='line_1_8' title="bbox 243 954 2383 1025; baseline -0.001 -16"><span class='ocrx_word' id='word_1_63' title='bbox 243 958 534 1009; x_wconf 83' lang='lat' dir='ltr'><strong>mediorum</strong></span> <span class='ocrx_word' id='word_1_64' title='bbox 559 976 793 1009; x_wconf 83' lang='lat' dir='ltr'><strong>numerO.</strong></span> <span class='ocrx_word' id='word_1_65' title='bbox 872 957 1271 1025; x_wconf 86' lang='lat' dir='ltr'><strong>Componuntur</strong></span> <span class='ocrx_word' id='word_1_66' title='bbox 1296 967 1467 1008; x_wconf 85' lang='lat' dir='ltr'><strong>autem</strong></span> <span class='ocrx_word' id='word_1_67' title='bbox 1493 956 1682 1007; x_wconf 87' lang='lat' dir='ltr'><strong>horum</strong></span> <span class='ocrx_word' id='word_1_68' title='bbox 1705 954 2045 1007; x_wconf 87' lang='lat' dir='ltr'><strong>terminorum</strong></span> <span class='ocrx_word' id='word_1_69' title='bbox 2072 956 2296 1007; x_wconf 87' lang='lat' dir='ltr'><strong>rationes</strong></span> <span class='ocrx_word' id='word_1_70' title='bbox 2317 975 2383 1008; x_wconf 88' lang='lat' dir='ltr'><strong>ex</strong></span> 
     </span>
     <span class='ocr_line' id='line_1_9' title="bbox 242 1043 2379 1113; baseline -0 -16"><span class='ocrx_word' id='word_1_71' title='bbox 242 1047 526 1098; x_wconf 90' lang='lat' dir='ltr'><strong>rationibus</strong></span> <span class='ocrx_word' id='word_1_72' title='bbox 553 1047 687 1098; x_wconf 84' lang='lat' dir='ltr'><strong>inter</strong></span> <span class='ocrx_word' id='word_1_73' title='bbox 714 1065 768 1098; x_wconf 89' lang='lat' dir='ltr'><strong>se</strong></span> <span class='ocrx_word' id='word_1_74' title='bbox 794 1046 978 1098; x_wconf 89' lang='lat' dir='ltr'><strong>iisdem</strong></span> <span class='ocrx_word' id='word_1_75' title='bbox 1002 1045 1341 1097; x_wconf 90' lang='lat' dir='ltr'><strong>terminorum</strong></span> <span class='ocrx_word' id='word_1_76' title='bbox 1378 1044 1801 1096; x_wconf 87' lang='lat' dir='ltr'><strong>intermediorum</strong></span> <span class='ocrx_word' id='word_1_77' title='bbox 1825 1043 2108 1113; x_wconf 64' lang='lat' dir='ltr'><strong>‘aequaliter</strong></span> <span class='ocrx_word' id='word_1_78' title='bbox 2131 1045 2379 1113; x_wconf 88' lang='lat' dir='ltr'><strong>repetitis,</strong></span> 
     </span>
     <span class='ocr_line' id='line_1_10' title="bbox 242 1128 2382 1208; baseline -0.002 -20"><span class='ocrx_word' id='word_1_79' title='bbox 242 1147 294 1189; x_wconf 90' lang='lat' dir='ltr'><strong>et</strong></span> <span class='ocrx_word' id='word_1_80' title='bbox 318 1146 593 1206; x_wconf 86' lang='lat' dir='ltr'><strong>propterea</strong></span> <span class='ocrx_word' id='word_1_81' title='bbox 619 1155 694 1188; x_wconf 88' lang='lat' dir='ltr'><strong>eae</strong></span> <span class='ocrx_word' id='word_1_82' title='bbox 719 1154 925 1208; x_wconf 87' lang='lat' dir='ltr'><strong>quoque</strong></span> <span class='ocrx_word' id='word_1_83' title='bbox 951 1136 1177 1186; x_wconf 87' lang='lat' dir='ltr'><strong>rationes</strong></span> <span class='ocrx_word' id='word_1_84' title='bbox 1204 1135 1503 1203; x_wconf 80' lang='lat' dir='ltr'><strong>compositae</strong></span> <span class='ocrx_word' id='word_1_85' title='bbox 1528 1134 1665 1185; x_wconf 91' lang='lat' dir='ltr'><strong>inter</strong></span> <span class='ocrx_word' id='word_1_86' title='bbox 1691 1152 1745 1185; x_wconf 90' lang='lat' dir='ltr'><strong>se</strong></span> <span class='ocrx_word' id='word_1_87' title='bbox 1771 1133 1967 1185; x_wconf 87' lang='lat' dir='ltr'><strong>eaedem</strong></span> <span class='ocrx_word' id='word_1_88' title='bbox 1994 1128 2132 1185; x_wconf 87' lang='lat' dir='ltr'><strong>sunt.</strong></span> <span class='ocrx_word' id='word_1_89' title='bbox 2213 1134 2382 1205; x_wconf 84' lang='lat' dir='ltr'><strong>Igitur</strong></span> 
     </span>
     <span class='ocr_line' id='line_1_11' title="bbox 195 1224 2374 1296; baseline 0 -19"><span class='ocrx_word' id='word_1_90' title='bbox 195 1273 199 1277; x_wconf 90' lang='lat'><strong>.</strong></span> <span class='ocrx_word' id='word_1_91' title='bbox 240 1227 551 1289; x_wconf 83' lang='lat' dir='ltr'><strong>velocitates,</strong></span> <span class='ocrx_word' id='word_1_92' title='bbox 578 1226 659 1278; x_wconf 87' lang='lat' dir='ltr'><strong>his</strong></span> <span class='ocrx_word' id='word_1_93' title='bbox 685 1226 917 1278; x_wconf 84' lang='lat' dir='ltr'><strong>terminis</strong></span> <span class='ocrx_word' id='word_1_94' title='bbox 943 1225 1373 1294; x_wconf 83' lang='lat' dir='ltr'><strong>proportionales,</strong></span> <span class='ocrx_word' id='word_1_95' title='bbox 1417 1234 1538 1276; x_wconf 89' lang='lat' dir='ltr'><strong>sunt</strong></span> <span class='ocrx_word' id='word_1_96' title='bbox 1561 1224 1616 1275; x_wconf 89' lang='lat' dir='ltr'><strong>in</strong></span> <span class='ocrx_word' id='word_1_97' title='bbox 1640 1224 2004 1296; x_wconf 86' lang='lat' dir='ltr'><strong>progressione</strong></span> <span class='ocrx_word' id='word_1_98' title='bbox 2043 1225 2374 1296; x_wconf 66' lang='lat' dir='ltr'><strong>geometrica.</strong></span> 
     </span>
     <span class='ocr_line' id='line_1_12' title="bbox 242 1315 2379 1389; baseline -0 -21"><span class='ocrx_word' id='word_1_99' title='bbox 242 1317 553 1369; x_wconf 90' lang='lat' dir='ltr'><strong>Minuantur</strong></span> <span class='ocrx_word' id='word_1_100' title='bbox 570 1317 680 1385; x_wconf 88' lang='lat' dir='ltr'><strong>jam</strong></span> <span class='ocrx_word' id='word_1_101' title='bbox 705 1316 929 1386; x_wconf 79' lang='lat' dir='ltr'><strong>aequales</strong></span> <span class='ocrx_word' id='word_1_102' title='bbox 956 1316 1059 1367; x_wconf 87' lang='lat' dir='ltr'><strong>illae</strong></span> <span class='ocrx_word' id='word_1_103' title='bbox 1084 1325 1378 1384; x_wconf 90' lang='lat' dir='ltr'><strong>temporum</strong></span> <span class='ocrx_word' id='word_1_104' title='bbox 1396 1315 1694 1384; x_wconf 84' lang='lat' dir='ltr'><strong>particu1ae3</strong></span> <span class='ocrx_word' id='word_1_105' title='bbox 1734 1325 1786 1367; x_wconf 91' lang='lat' dir='ltr'><strong>et</strong></span> <span class='ocrx_word' id='word_1_106' title='bbox 1812 1326 2061 1386; x_wconf 87' lang='lat' dir='ltr'><strong>augeatur</strong></span> <span class='ocrx_word' id='word_1_107' title='bbox 2081 1334 2258 1367; x_wconf 87' lang='lat' dir='ltr'><strong>earum</strong></span> <span class='ocrx_word' id='word_1_108' title='bbox 2283 1336 2379 1389; x_wconf 54' lang='lat' dir='ltr'><strong>nuf-</strong></span> 
     </span>
     <span class='ocr_line' id='line_1_13' title="bbox 239 1406 2379 1475; baseline 0 -16"><span class='ocrx_word' id='word_1_109' title='bbox 239 1427 411 1460; x_wconf 89' lang='lat' dir='ltr'><strong>merus</strong></span> <span class='ocrx_word' id='word_1_110' title='bbox 437 1409 491 1459; x_wconf 88' lang='lat' dir='ltr'><strong>in</strong></span> <span class='ocrx_word' id='word_1_111' title='bbox 516 1408 794 1470; x_wconf 89' lang='lat' dir='ltr'><strong>infinitum,</strong></span> <span class='ocrx_word' id='word_1_112' title='bbox 824 1406 887 1458; x_wconf 75' lang='lat' dir='ltr'><strong>eo</strong></span> <span class='ocrx_word' id='word_1_113' title='bbox 913 1416 971 1458; x_wconf 91' lang='lat' dir='ltr'><strong>ut</strong></span> <span class='ocrx_word' id='word_1_114' title='bbox 982 1407 1297 1469; x_wconf 23' lang='lat' dir='ltr'><strong>,resistentiae</strong></span> <span class='ocrx_word' id='word_1_115' title='bbox 1323 1407 1573 1475; x_wconf 89' lang='lat' dir='ltr'><strong>impulsus</strong></span> <span class='ocrx_word' id='word_1_116' title='bbox 1599 1406 1847 1459; x_wconf 90' lang='lat' dir='ltr'><strong>reddatur</strong></span> <span class='ocrx_word' id='word_1_117' title='bbox 1873 1408 2176 1471; x_wconf 84' lang='lat' dir='ltr'><strong>continuus3</strong></span> <span class='ocrx_word' id='word_1_118' title='bbox 2219 1418 2269 1460; x_wconf 92' lang='lat' dir='ltr'><strong>et</strong></span> <span class='ocrx_word' id='word_1_119' title='bbox 2294 1427 2379 1459; x_wconf 92' lang='lat' dir='ltr'><strong>ve-</strong></span> 
     </span>
     <span class='ocr_line' id='line_1_14' title="bbox 237 1496 2376 1567; baseline 0.002 -20"><span class='ocrx_word' id='word_1_120' title='bbox 237 1497 470 1549; x_wconf 89' lang='lat' dir='ltr'><strong>locitates</strong></span> <span class='ocrx_word' id='word_1_121' title='bbox 514 1497 569 1547; x_wconf 91' lang='lat' dir='ltr'><strong>in</strong></span> <span class='ocrx_word' id='word_1_122' title='bbox 611 1496 877 1565; x_wconf 90' lang='lat' dir='ltr'><strong>principiis</strong></span> <span class='ocrx_word' id='word_1_123' title='bbox 919 1497 1196 1567; x_wconf 80' lang='lat' dir='ltr'><strong>aequalium</strong></span> <span class='ocrx_word' id='word_1_124' title='bbox 1239 1507 1549 1565; x_wconf 88' lang='lat' dir='ltr'><strong>temporum,</strong></span> <span class='ocrx_word' id='word_1_125' title='bbox 1609 1515 1810 1565; x_wconf 89' lang='lat' dir='ltr'><strong>semper</strong></span> <span class='ocrx_word' id='word_1_126' title='bbox 1861 1498 2104 1549; x_wconf 75' lang='lat' dir='ltr'><strong>continue</strong></span> <span class='ocrx_word' id='word_1_127' title='bbox 2154 1517 2376 1567; x_wconf 88' lang='lat' dir='ltr'><strong>propor-</strong></span> 
     </span>
     <span class='ocr_line' id='line_1_15' title="bbox 237 1587 2207 1656; baseline 0 -16"><span class='ocrx_word' id='word_1_128' title='bbox 237 1589 474 1651; x_wconf 87' lang='lat' dir='ltr'><strong>ti0nales,</strong></span> <span class='ocrx_word' id='word_1_129' title='bbox 504 1598 655 1641; x_wconf 89' lang='lat' dir='ltr'><strong>erunt</strong></span> <span class='ocrx_word' id='word_1_130' title='bbox 679 1590 733 1638; x_wconf 93' lang='lat' dir='ltr'><strong>in</strong></span> <span class='ocrx_word' id='word_1_131' title='bbox 758 1588 859 1638; x_wconf 92' lang='lat' dir='ltr'><strong>hoc</strong></span> <span class='ocrx_word' id='word_1_132' title='bbox 886 1588 1039 1639; x_wconf 85' lang='lat' dir='ltr'><strong>etiam</strong></span> <span class='ocrx_word' id='word_1_133' title='bbox 1066 1606 1187 1638; x_wconf 90' lang='lat' dir='ltr'><strong>casu</strong></span> <span class='ocrx_word' id='word_1_134' title='bbox 1213 1587 1455 1638; x_wconf 77' lang='lat' dir='ltr'><strong>continue</strong></span> <span class='ocrx_word' id='word_1_135' title='bbox 1481 1587 1910 1656; x_wconf 85' lang='lat' dir='ltr'><strong>proportionales.</strong></span> <span class='ocrx_word' id='word_1_136' title='bbox 1988 1588 2057 1650; x_wconf 83' lang='lat' dir='ltr'><strong>Q.</strong></span> <span class='ocrx_word' id='word_1_137' title='bbox 2084 1608 2127 1640; x_wconf 90' lang='lat' dir='ltr'><strong>e.</strong></span> <span class='ocrx_word' id='word_1_138' title='bbox 2156 1589 2207 1640; x_wconf 92' lang='lat' dir='ltr'><strong>d.</strong></span> 
     </span>
    </p>

    <p class='ocr_par' dir='ltr' id='par_1_3' title="bbox 236 1676 2378 1926">
     <span class='ocr_line' id='line_1_16' title="bbox 314 1676 2378 1746; baseline -0.001 -15"><span class='ocrx_word' id='word_1_139' title='bbox 314 1681 429 1731; x_wconf 81' lang='lat' dir='ltr'><strong>Cas.</strong></span> <span class='ocrx_word' id='word_1_140' title='bbox 459 1684 511 1731; x_wconf 77' lang='lat'><strong>2.</strong></span> <span class='ocrx_word' id='word_1_141' title='bbox 554 1678 624 1729; x_wconf 91' lang='lat' dir='ltr'><strong>Et</strong></span> <span class='ocrx_word' id='word_1_142' title='bbox 649 1677 853 1728; x_wconf 86' lang='lat' dir='ltr'><strong>divisim</strong></span> <span class='ocrx_word' id='word_1_143' title='bbox 877 1676 1207 1728; x_wconf 88' lang='lat' dir='ltr'><strong>velocitatum</strong></span> <span class='ocrx_word' id='word_1_144' title='bbox 1243 1676 1564 1739; x_wconf 82' lang='lat' dir='ltr'><strong>differentiae,</strong></span> <span class='ocrx_word' id='word_1_145' title='bbox 1611 1676 1712 1727; x_wconf 91' lang='lat' dir='ltr'><strong>hoc</strong></span> <span class='ocrx_word' id='word_1_146' title='bbox 1739 1685 1830 1740; x_wconf 86' lang='lat' dir='ltr'><strong>est,</strong></span> <span class='ocrx_word' id='word_1_147' title='bbox 1872 1696 2047 1728; x_wconf 84' lang='lat' dir='ltr'><strong>earum</strong></span> <span class='ocrx_word' id='word_1_148' title='bbox 2073 1689 2245 1746; x_wconf 89' lang='lat' dir='ltr'><strong>partes</strong></span> <span class='ocrx_word' id='word_1_149' title='bbox 2272 1679 2378 1730; x_wconf 86' lang='lat' dir='ltr'><strong>sin-</strong></span> 
     </span>
     <span class='ocr_line' id='line_1_17' title="bbox 236 1766 2375 1840; baseline 0.001 -21"><span class='ocrx_word' id='word_1_150' title='bbox 236 1767 372 1840; x_wconf 89' lang='lat' dir='ltr'><strong>gulis</strong></span> <span class='ocrx_word' id='word_1_151' title='bbox 398 1766 717 1835; x_wconf 89' lang='lat' dir='ltr'><strong>temporibus</strong></span> <span class='ocrx_word' id='word_1_152' title='bbox 743 1767 962 1829; x_wconf 81' lang='lat' dir='ltr'><strong>amissae,</strong></span> <span class='ocrx_word' id='word_1_153' title='bbox 1008 1776 1128 1817; x_wconf 89' lang='lat' dir='ltr'><strong>sunt</strong></span> <span class='ocrx_word' id='word_1_154' title='bbox 1151 1775 1210 1817; x_wconf 92' lang='lat' dir='ltr'><strong>ut</strong></span> <span class='ocrx_word' id='word_1_155' title='bbox 1235 1775 1387 1817; x_wconf 87' lang='lat' dir='ltr'><strong>totae:</strong></span> <span class='ocrx_word' id='word_1_156' title='bbox 1429 1766 1593 1834; x_wconf 90' lang='lat' dir='ltr'><strong>spatia</strong></span> <span class='ocrx_word' id='word_1_157' title='bbox 1618 1776 1789 1817; x_wconf 88' lang='lat' dir='ltr'><strong>autem</strong></span> <span class='ocrx_word' id='word_1_158' title='bbox 1816 1767 2030 1837; x_wconf 89' lang='lat' dir='ltr'><strong>singulis</strong></span> <span class='ocrx_word' id='word_1_159' title='bbox 2057 1768 2375 1836; x_wconf 86' lang='lat' dir='ltr'><strong>temporibus</strong></span> 
     </span>
     <span class='ocr_line' id='line_1_18' title="bbox 236 1855 2368 1926; baseline 0 -16"><span class='ocrx_word' id='word_1_160' title='bbox 236 1858 493 1926; x_wconf 86' lang='lat' dir='ltr'><strong>descripta</strong></span> <span class='ocrx_word' id='word_1_161' title='bbox 534 1867 654 1909; x_wconf 90' lang='lat' dir='ltr'><strong>sunt</strong></span> <span class='ocrx_word' id='word_1_162' title='bbox 693 1867 751 1908; x_wconf 94' lang='lat' dir='ltr'><strong>ut</strong></span> <span class='ocrx_word' id='word_1_163' title='bbox 793 1856 1127 1908; x_wconf 90' lang='lat' dir='ltr'><strong>velocitatum</strong></span> <span class='ocrx_word' id='word_1_164' title='bbox 1166 1865 1340 1924; x_wconf 86' lang='lat' dir='ltr'><strong>partes</strong></span> <span class='ocrx_word' id='word_1_165' title='bbox 1385 1855 1583 1906; x_wconf 82' lang='lat' dir='ltr'><strong>amissae</strong></span> <span class='ocrx_word' id='word_1_166' title='bbox 1626 1858 1741 1924; x_wconf 89' lang='lat' dir='ltr'><strong>(per</strong></span> <span class='ocrx_word' id='word_1_167' title='bbox 1769 1855 1926 1923; x_wconf 87' lang='lat' dir='ltr'><strong>Prop.</strong></span> <span class='ocrx_word' id='word_1_168' title='bbox 1956 1856 1999 1907; x_wconf 94' lang='lat' dir='ltr'><strong>I.</strong></span> <span class='ocrx_word' id='word_1_169' title='bbox 2030 1856 2149 1908; x_wconf 86' lang='lat' dir='ltr'><strong>Lib.</strong></span> <span class='ocrx_word' id='word_1_170' title='bbox 2179 1857 2276 1924; x_wconf 91' lang='grc' dir='ltr'>ΙΙ.)</span> <span class='ocrx_word' id='word_1_171' title='bbox 2317 1868 2368 1910; x_wconf 91' lang='lat' dir='ltr'><strong>et</strong></span> 
     </span>
    </p>
   </div>
   <div class='ocr_carea' id='block_1_3' title="bbox 233 1945 1234 2018">
    <p class='ocr_par' dir='ltr' id='par_1_4' title="bbox 233 1945 1234 2018">
     <span class='ocr_line' id='line_1_19' title="bbox 233 1945 1234 2018; baseline -0.003 -18"><span class='ocrx_word' id='word_1_172' title='bbox 233 1960 510 2018; x_wconf 89' lang='lat' dir='ltr'><strong>propterea</strong></span> <span class='ocrx_word' id='word_1_173' title='bbox 535 1949 688 1999; x_wconf 89' lang='lat' dir='ltr'><strong>etiam</strong></span> <span class='ocrx_word' id='word_1_174' title='bbox 714 1958 772 1999; x_wconf 92' lang='lat' dir='ltr'><strong>ut</strong></span> <span class='ocrx_word' id='word_1_175' title='bbox 796 1956 936 1999; x_wconf 90' lang='lat' dir='ltr'><strong>totae.</strong></span> <span class='ocrx_word' id='word_1_176' title='bbox 1014 1946 1083 2008; x_wconf 84' lang='lat' dir='ltr'><strong>Q.</strong></span> <span class='ocrx_word' id='word_1_177' title='bbox 1112 1965 1155 1998; x_wconf 91' lang='lat' dir='ltr'><strong>e.</strong></span> <span class='ocrx_word' id='word_1_178' title='bbox 1183 1945 1234 1997; x_wconf 91' lang='lat' dir='ltr'><strong>d.</strong></span> 
     </span>
    </p>
   </div>
   <div class='ocr_carea' id='block_1_4' title="bbox 234 2052 2375 2213">
    <p class='ocr_par' dir='ltr' id='par_1_5' title="bbox 234 2052 2375 2213">
     <span class='ocr_line' id='line_1_20' title="bbox 313 2052 2375 2133; baseline 0 -24"><span class='ocrx_word' id='word_1_179' title='bbox 313 2059 475 2109; x_wconf 84' lang='lat' dir='ltr'><strong>Corol.</strong></span> <span class='ocrx_word' id='word_1_180' title='bbox 543 2056 691 2133; x_wconf 75' lang='lat' dir='ltr'><strong>Hinc</strong></span> <span class='ocrx_word' id='word_1_181' title='bbox 717 2055 760 2106; x_wconf 83' lang='lat' dir='ltr'><strong>si</strong></span> <span class='ocrx_word' id='word_1_182' title='bbox 786 2054 1088 2124; x_wconf 86' lang='lat' dir='ltr'><strong>asymptotis</strong></span> <span class='ocrx_word' id='word_1_183' title='bbox 1115 2052 1427 2124; x_wconf 86' lang='lat' dir='ltr'><strong>rectangulis</strong></span> <span class='ocrx_word' id='word_1_184' title='bbox 1467 2056 1518 2105; x_wconf 96' lang='lat' dir='ltr'><strong>A</strong></span> <span class='ocrx_word' id='word_1_185' title='bbox 1547 2053 1610 2117; x_wconf 86' lang='lat' dir='ltr'><strong>C,</strong></span> <span class='ocrx_word' id='word_1_186' title='bbox 1642 2053 1691 2105; x_wconf 85' lang='lat' dir='ltr'>C</span> <span class='ocrx_word' id='word_1_187' title='bbox 1716 2054 1780 2106; x_wconf 87' lang='lat' dir='ltr'>H</span> <span class='ocrx_word' id='word_1_188' title='bbox 1821 2053 2147 2107; x_wconf 44' lang='lat' dir='ltr'><strong>describatur*</strong></span> <span class='ocrx_word' id='word_1_189' title='bbox 2184 2057 2375 2127; x_wconf 85' lang='lat' dir='ltr'><strong>hyper-</strong></span> 
     </span>
     <span class='ocr_line' id='line_1_21' title="bbox 234 2140 2375 2213; baseline 0.001 -16"><span class='ocrx_word' id='word_1_190' title='bbox 234 2146 354 2198; x_wconf 88' lang='lat' dir='ltr'><strong>bola</strong></span> <span class='ocrx_word' id='word_1_191' title='bbox 381 2146 428 2198; x_wconf 88' lang='lat' dir='ltr'><strong>B</strong></span> <span class='ocrx_word' id='word_1_192' title='bbox 456 2146 525 2209; x_wconf 90' lang='lat' dir='ltr'><strong>G,</strong></span> <span class='ocrx_word' id='word_1_193' title='bbox 570 2146 773 2213; x_wconf 87' lang='lat' dir='ltr'><strong>sintque</strong></span> <span class='ocrx_word' id='word_1_194' title='bbox 801 2144 852 2195; x_wconf 94' lang='lat' dir='ltr'><strong>A</strong></span> <span class='ocrx_word' id='word_1_195' title='bbox 880 2144 945 2205; x_wconf 85' lang='lat' dir='ltr'><strong>B,</strong></span> <span class='ocrx_word' id='word_1_196' title='bbox 974 2143 1029 2194; x_wconf 94' lang='lat' dir='ltr'>D</span> <span class='ocrx_word' id='word_1_197' title='bbox 1060 2141 1114 2193; x_wconf 88' lang='lat' dir='ltr'>G</span> <span class='ocrx_word' id='word_1_198' title='bbox 1157 2141 1225 2192; x_wconf 92' lang='lat' dir='ltr'><strong>ad</strong></span> <span class='ocrx_word' id='word_1_199' title='bbox 1268 2152 1596 2211; x_wconf 83' lang='lat' dir='ltr'><strong>asymptoton</strong></span> <span class='ocrx_word' id='word_1_200' title='bbox 1641 2140 1692 2193; x_wconf 90' lang='lat' dir='ltr'>A</span> <span class='ocrx_word' id='word_1_201' title='bbox 1720 2141 1768 2193; x_wconf 86' lang='lat' dir='ltr'>C</span> <span class='ocrx_word' id='word_1_202' title='bbox 1807 2143 2276 2211; x_wconf 79' lang='lat' dir='ltr'><strong>perpendiculares,</strong></span> <span class='ocrx_word' id='word_1_203' title='bbox 2323 2159 2375 2200; x_wconf 93' lang='lat' dir='ltr'><strong>et</strong></span> 
     </span>
    </p>
   </div>
   <div class='ocr_carea' id='block_1_5' title="bbox 236 2231 2371 2306">
    <p class='ocr_par' dir='ltr' id='par_1_6' title="bbox 236 2231 2371 2306">
     <span class='ocr_line' id='line_1_22' title="bbox 236 2231 2371 2306; baseline -0 -17"><span class='ocrx_word' id='word_1_204' title='bbox 236 2247 528 2306; x_wconf 80' lang='lat' dir='ltr'><strong>exponatur</strong></span> <span class='ocrx_word' id='word_1_205' title='bbox 568 2244 680 2286; x_wconf 85' lang='lat' dir='ltr'><strong>tum</strong></span> <span class='ocrx_word' id='word_1_206' title='bbox 717 2233 948 2301; x_wconf 86' lang='lat' dir='ltr'><strong>corporis</strong></span> <span class='ocrx_word' id='word_1_207' title='bbox 968 2231 1210 2283; x_wconf 87' lang='lat' dir='ltr'><strong>velocitas</strong></span> <span class='ocrx_word' id='word_1_208' title='bbox 1229 2239 1339 2282; x_wconf 88' lang='lat' dir='ltr'><strong>tum</strong></span> <span class='ocrx_word' id='word_1_209' title='bbox 1365 2231 1652 2283; x_wconf 87' lang='lat' dir='ltr'><strong>resistentia</strong></span> <span class='ocrx_word' id='word_1_210' title='bbox 1676 2231 1849 2295; x_wconf 91' lang='lat' dir='ltr'><strong>medii,</strong></span> <span class='ocrx_word' id='word_1_211' title='bbox 1878 2232 1993 2300; x_wconf 85' lang='lat' dir='ltr'><strong>ipso</strong></span> <span class='ocrx_word' id='word_1_212' title='bbox 2017 2243 2186 2286; x_wconf 89' lang='lat' dir='ltr'><strong>motus</strong></span> <span class='ocrx_word' id='word_1_213' title='bbox 2207 2236 2371 2302; x_wconf 87' lang='lat' dir='ltr'><strong>initio,</strong></span> 
     </span>
    </p>
   </div>
   <div class='ocr_carea' id='block_1_6' title="bbox 234 2445 2384 3821">
    <p class='ocr_par' dir='ltr' id='par_1_7' title="bbox 234 2445 2375 2608">
     <span class='ocr_line' id='line_1_23' title="bbox 294 2445 2375 2503; baseline 0.005 -25"><span class='ocrx_word' id='word_1_214' title='bbox 294 2451 347 2503; x_wconf 80' lang='lat' dir='ltr'><strong>(d)</strong></span> <span class='ocrx_word' id='word_1_215' title='bbox 380 2453 401 2475; x_wconf 57' lang='grc' dir='ltr'><strong>κε</strong></span> <span class='ocrx_word' id='word_1_216' title='bbox 433 2451 523 2489; x_wconf 65' lang='lat' dir='ltr'><em>Erit</em></span> <span class='ocrx_word' id='word_1_217' title='bbox 554 2452 839 2488; x_wconf 69' lang='lat' dir='ltr'><strong>decrementum</strong></span> <span class='ocrx_word' id='word_1_218' title='bbox 870 2448 1080 2486; x_wconf 78' lang='lat' dir='ltr'><strong>velocitatis.</strong></span> <span class='ocrx_word' id='word_1_219' title='bbox 1123 2445 1212 2498; x_wconf 90' lang='lat'>(15)</span> <span class='ocrx_word' id='word_1_220' title='bbox 1242 2452 1288 2483; x_wconf 88' lang='lat' dir='ltr'><strong>ut</strong></span> <span class='ocrx_word' id='word_1_221' title='bbox 1341 2445 1371 2483; x_wconf 86' lang='lat' dir='ltr'><strong>si</strong></span> <span class='ocrx_word' id='word_1_222' title='bbox 1397 2459 1443 2483; x_wconf 86' lang='lat' dir='ltr'><strong>ex</strong></span> <span class='ocrx_word' id='word_1_223' title='bbox 1463 2445 1599 2496; x_wconf 83' lang='lat' dir='ltr'><strong>aequali</strong></span> <span class='ocrx_word' id='word_1_224' title='bbox 1619 2445 1892 2495; x_wconf 85' lang='lat' dir='ltr'><strong>particularum</strong></span> <span class='ocrx_word' id='word_1_225' title='bbox 1912 2460 2076 2486; x_wconf 85' lang='lat' dir='ltr'><strong>numero</strong></span> <span class='ocrx_word' id='word_1_226' title='bbox 2094 2459 2375 2498; x_wconf 84' lang='lat' dir='ltr'><strong>componantur</strong></span> 
     </span>
     <span class='ocr_line' id='line_1_24' title="bbox 239 2497 2372 2551; baseline -0 -9"><span class='ocrx_word' id='word_1_227' title='bbox 239 2503 452 2543; x_wconf 85' lang='lat' dir='ltr'><strong>resistentia</strong></span> <span class='ocrx_word' id='word_1_228' title='bbox 472 2506 522 2541; x_wconf 95' lang='lat' dir='ltr'><strong>ob</strong></span> <span class='ocrx_word' id='word_1_229' title='bbox 541 2504 674 2540; x_wconf 88' lang='lat' dir='ltr'><strong>datum</strong></span> <span class='ocrx_word' id='word_1_230' title='bbox 694 2500 877 2549; x_wconf 82' lang='lat' dir='ltr'><strong>temporis</strong></span> <span class='ocrx_word' id='word_1_231' title='bbox 894 2506 1149 2545; x_wconf 88' lang='lat' dir='ltr'><strong>momentum,</strong></span> <span class='ocrx_word' id='word_1_232' title='bbox 1179 2497 1287 2536; x_wconf 82' lang='lat' dir='ltr'><strong>ide6-</strong></span> <span class='ocrx_word' id='word_1_233' title='bbox 1341 2506 1512 2545; x_wconf 84' lang='lat' dir='ltr'><strong>tempora</strong></span> <span class='ocrx_word' id='word_1_234' title='bbox 1549 2499 1729 2549; x_wconf 73' lang='lat' dir='ltr'><strong>quaelibet</strong></span> <span class='ocrx_word' id='word_1_235' title='bbox 1767 2500 1942 2550; x_wconf 85' lang='lat' dir='ltr'><strong>aequalia,</strong></span> <span class='ocrx_word' id='word_1_236' title='bbox 1984 2508 2029 2539; x_wconf 91' lang='lat' dir='ltr'><strong>ut</strong></span> <span class='ocrx_word' id='word_1_237' title='bbox 2072 2503 2109 2539; x_wconf 90' lang='lat' dir='ltr'>A</span> <span class='ocrx_word' id='word_1_238' title='bbox 2143 2503 2193 2549; x_wconf 88' lang='lat' dir='ltr'><strong>E,</strong></span> <span class='ocrx_word' id='word_1_239' title='bbox 2236 2504 2272 2541; x_wconf 84' lang='lat' dir='ltr'>E</span> <span class='ocrx_word' id='word_1_240' title='bbox 2315 2505 2372 2551; x_wconf 90' lang='lat' dir='ltr'><strong>H,</strong></span> 
     </span>
     <span class='ocr_line' id='line_1_25' title="bbox 234 2552 2371 2608; baseline 0.003 -19"><span class='ocrx_word' id='word_1_241' title='bbox 234 2571 310 2608; x_wconf 82' lang='lat' dir='ltr'><strong>que</strong></span> <span class='ocrx_word' id='word_1_242' title='bbox 331 2559 417 2607; x_wconf 85' lang='lat' dir='ltr'><strong>(per</strong></span> <span class='ocrx_word' id='word_1_243' title='bbox 435 2556 547 2606; x_wconf 88' lang='lat' dir='ltr'><strong>hyp.)</strong></span> <span class='ocrx_word' id='word_1_244' title='bbox 568 2563 612 2592; x_wconf 91' lang='lat' dir='ltr'><strong>ut</strong></span> <span class='ocrx_word' id='word_1_245' title='bbox 630 2555 820 2592; x_wconf 83' lang='lat' dir='ltr'><strong>velocitas.</strong></span> <span class='ocrx_word' id='word_1_246' title='bbox 1338 2552 1381 2588; x_wconf 92' lang='lat' dir='ltr'>H</span> <span class='ocrx_word' id='word_1_247' title='bbox 1406 2552 1461 2597; x_wconf 87' lang='lat' dir='ltr'><strong>K,</strong></span> <span class='ocrx_word' id='word_1_248' title='bbox 1491 2555 1560 2590; x_wconf 83' lang='lat' dir='ltr'><strong>&amp;c.</strong></span> <span class='ocrx_word' id='word_1_249' title='bbox 1593 2559 1707 2590; x_wconf 88' lang='lat' dir='ltr'><strong>erunt</strong></span> <span class='ocrx_word' id='word_1_250' title='bbox 1733 2553 1951 2591; x_wconf 76' lang='lat' dir='ltr'><strong>velocitates</strong></span> <span class='ocrx_word' id='word_1_251' title='bbox 1982 2555 2020 2591; x_wconf 94' lang='lat' dir='ltr'>A</span> <span class='ocrx_word' id='word_1_252' title='bbox 2042 2554 2092 2601; x_wconf 91' lang='lat' dir='ltr'><strong>L,</strong></span> <span class='ocrx_word' id='word_1_253' title='bbox 2123 2556 2159 2593; x_wconf 90' lang='lat' dir='ltr'>E</span> <span class='ocrx_word' id='word_1_254' title='bbox 2185 2557 2231 2602; x_wconf 93' lang='lat' dir='ltr'><strong>P,</strong></span> <span class='ocrx_word' id='word_1_255' title='bbox 2265 2557 2309 2594; x_wconf 93' lang='lat' dir='ltr'>H</span> <span class='ocrx_word' id='word_1_256' title='bbox 2333 2559 2371 2604; x_wconf 81' lang='lat' dir='ltr'><strong>S,</strong></span> 
     </span>
    </p>

    <p class='ocr_par' dir='ltr' id='par_1_8' title="bbox 241 2605 2375 2713">
     <span class='ocr_line' id='line_1_26' title="bbox 292 2605 2375 2661; baseline 0 -14"><span class='ocrx_word' id='word_1_257' title='bbox 292 2610 349 2661; x_wconf 59' lang='grc' dir='ltr'><strong>(θ)</strong></span> <span class='ocrx_word' id='word_1_258' title='bbox 380 2613 444 2647; x_wconf 88' lang='grc'><strong>50.</strong></span> <span class='ocrx_word' id='word_1_259' title='bbox 469 2612 637 2648; x_wconf 80' lang='lat' dir='ltr'><strong>Proinde</strong></span> <span class='ocrx_word' id='word_1_260' title='bbox 654 2610 686 2646; x_wconf 85' lang='lat' dir='ltr'><strong>si</strong></span> <span class='ocrx_word' id='word_1_261' title='bbox 700 2622 742 2646; x_wconf 70' lang='lat' dir='ltr'><strong>ex</strong></span> <span class='ocrx_word' id='word_1_262' title='bbox 759 2608 909 2658; x_wconf 67' lang='lat' dir='ltr'><strong>(equali,</strong></span> <span class='ocrx_word' id='word_1_263' title='bbox 931 2607 1000 2644; x_wconf 85' lang='lat' dir='ltr'><strong>&amp;c.</strong></span> <span class='ocrx_word' id='word_1_264' title='bbox 1044 2606 1167 2643; x_wconf 73' lang='lat' dir='ltr'><strong>Linea</strong></span> <span class='ocrx_word' id='word_1_265' title='bbox 1180 2611 1283 2641; x_wconf 83' lang='lat' dir='ltr'><strong>recta</strong></span> <span class='ocrx_word' id='word_1_266' title='bbox 1333 2605 1419 2648; x_wconf 64' lang='grc' dir='ltr'><strong>δια,</strong></span> <span class='ocrx_word' id='word_1_267' title='bbox 1454 2606 1545 2654; x_wconf 78' lang='lat' dir='ltr'><strong>ipsis</strong></span> <span class='ocrx_word' id='word_1_268' title='bbox 1579 2613 1799 2655; x_wconf 86' lang='lat' dir='ltr'><strong>temporum</strong></span> <span class='ocrx_word' id='word_1_269' title='bbox 1833 2605 1952 2643; x_wconf 86' lang='lat' dir='ltr'><strong>mitiis</strong></span> <span class='ocrx_word' id='word_1_270' title='bbox 1987 2614 2033 2645; x_wconf 92' lang='lat' dir='ltr'><strong>ut</strong></span> <span class='ocrx_word' id='word_1_271' title='bbox 2068 2609 2221 2646; x_wconf 84' lang='lat' dir='ltr'><strong>termini</strong></span> <span class='ocrx_word' id='word_1_272' title='bbox 2250 2610 2316 2660; x_wconf 91' lang='lat' dir='ltr'><strong>qui</strong></span> <span class='ocrx_word' id='word_1_273' title='bbox 2353 2624 2375 2649; x_wconf 90' lang='lat' dir='ltr'><strong>e</strong></span> 
     </span>
     <span class='ocr_line' id='line_1_27' title="bbox 241 2658 2374 2713; baseline 0 -14"><span class='ocrx_word' id='word_1_274' title='bbox 241 2664 281 2703; x_wconf 90' lang='lat' dir='ltr'>A</span> <span class='ocrx_word' id='word_1_275' title='bbox 305 2664 336 2701; x_wconf 90' lang='lat' dir='ltr'>Z</span> <span class='ocrx_word' id='word_1_276' title='bbox 354 2663 396 2700; x_wconf 91' lang='lat' dir='ltr'><strong>in</strong></span> <span class='ocrx_word' id='word_1_277' title='bbox 414 2662 621 2713; x_wconf 85' lang='lat' dir='ltr'><strong>particulas</strong></span> <span class='ocrx_word' id='word_1_278' title='bbox 640 2660 805 2713; x_wconf 80' lang='lat' dir='ltr'><strong>aequales</strong></span> <span class='ocrx_word' id='word_1_279' title='bbox 826 2661 864 2698; x_wconf 92' lang='lat' dir='ltr'>A</span> <span class='ocrx_word' id='word_1_280' title='bbox 882 2662 930 2707; x_wconf 90' lang='lat' dir='ltr'><strong>B,</strong></span> <span class='ocrx_word' id='word_1_281' title='bbox 953 2660 989 2698; x_wconf 90' lang='lat' dir='ltr'>B</span> <span class='ocrx_word' id='word_1_282' title='bbox 1014 2658 1061 2706; x_wconf 91' lang='lat' dir='ltr'><strong>C,</strong></span> <span class='ocrx_word' id='word_1_283' title='bbox 1085 2658 1116 2696; x_wconf 93' lang='lat' dir='ltr'>C</span> <span class='ocrx_word' id='word_1_284' title='bbox 1133 2659 1185 2702; x_wconf 90' lang='lat' dir='ltr'><strong>D,</strong></span> <span class='ocrx_word' id='word_1_285' title='bbox 1206 2659 1277 2695; x_wconf 78' lang='grc' dir='ltr'><strong><em>διε.</em></strong></span> <span class='ocrx_word' id='word_1_286' title='bbox 1336 2658 1599 2708; x_wconf 72' lang='lat' dir='ltr'><strong>progressione</strong></span> <span class='ocrx_word' id='word_1_287' title='bbox 1640 2658 1874 2709; x_wconf 66' lang='lat' dir='ltr'><strong>geometrica</strong></span> <span class='ocrx_word' id='word_1_288' title='bbox 1915 2672 1984 2708; x_wconf 84' lang='lat' dir='ltr'><strong>per</strong></span> <span class='ocrx_word' id='word_1_289' title='bbox 2028 2661 2168 2698; x_wconf 87' lang='lat' dir='ltr'><strong>saltum</strong></span> <span class='ocrx_word' id='word_1_290' title='bbox 2214 2664 2374 2711; x_wconf 82' lang='lat' dir='ltr'><strong>capiun-</strong></span> 
     </span>
    </p>

    <p class='ocr_par' dir='ltr' id='par_1_9' title="bbox 254 2713 2381 3507">
     <span class='ocr_line' id='line_1_28' title="bbox 1668 2713 2372 2765; baseline 0.007 -17"><span class='ocrx_word' id='word_1_291' title='bbox 1668 2718 1744 2757; x_wconf 81' lang='lat' dir='ltr'><strong>tur,</strong></span> <span class='ocrx_word' id='word_1_292' title='bbox 1778 2713 1922 2749; x_wconf 87' lang='lat' dir='ltr'><strong>omisso</strong></span> <span class='ocrx_word' id='word_1_293' title='bbox 1958 2714 2099 2761; x_wconf 86' lang='lat' dir='ltr'><strong>passim</strong></span> <span class='ocrx_word' id='word_1_294' title='bbox 2128 2716 2264 2765; x_wconf 82' lang='lat' dir='ltr'><strong>aequali</strong></span> <span class='ocrx_word' id='word_1_295' title='bbox 2297 2724 2372 2753; x_wconf 88' lang='lat' dir='ltr'><strong>ter-</strong></span> 
     </span>
     <span class='ocr_line' id='line_1_29' title="bbox 263 2765 2374 2823; baseline 0.01 -37"><span class='ocrx_word' id='word_1_296' title='bbox 263 2782 309 2823; x_wconf 68' lang='lat' dir='ltr'>L</span> <span class='ocrx_word' id='word_1_297' title='bbox 1667 2765 1865 2802; x_wconf 85' lang='lat' dir='ltr'><strong>minorum</strong></span> <span class='ocrx_word' id='word_1_298' title='bbox 1904 2765 2221 2805; x_wconf 78' lang='lat' dir='ltr'><strong>intermediorum</strong></span> <span class='ocrx_word' id='word_1_299' title='bbox 2255 2770 2290 2807; x_wconf 87' lang='lat' dir='ltr'>B</span> <span class='ocrx_word' id='word_1_300' title='bbox 2312 2770 2374 2816; x_wconf 91' lang='lat' dir='ltr'><strong>M,</strong></span> 
     </span>
     <span class='ocr_line' id='line_1_30' title="bbox 1673 2817 2376 2866; baseline 0.006 -10"><span class='ocrx_word' id='word_1_301' title='bbox 1673 2817 1868 2864; x_wconf 78' lang='lat' dir='ltr'><strong>cN,&amp;c.</strong></span> <span class='ocrx_word' id='word_1_302' title='bbox 1911 2826 1950 2856; x_wconf 88' lang='lat' dir='ltr'><strong>et</strong></span> <span class='ocrx_word' id='word_1_303' title='bbox 1989 2819 2022 2857; x_wconf 89' lang='lat' dir='ltr'>F</span> <span class='ocrx_word' id='word_1_304' title='bbox 2058 2821 2110 2864; x_wconf 75' lang='lat' dir='ltr'><strong>Q,</strong></span> <span class='ocrx_word' id='word_1_305' title='bbox 2145 2822 2183 2859; x_wconf 83' lang='lat' dir='ltr'>G</span> <span class='ocrx_word' id='word_1_306' title='bbox 2216 2822 2265 2866; x_wconf 89' lang='lat' dir='ltr'><strong>R,</strong></span> <span class='ocrx_word' id='word_1_307' title='bbox 2306 2824 2376 2861; x_wconf 74' lang='grc' dir='ltr'><em>διο.</em></span> 
     </span>
     <span class='ocr_line' id='line_1_31' title="bbox 1669 2872 2374 2922; baseline 0.007 -14"><span class='ocrx_word' id='word_1_308' title='bbox 1669 2883 1847 2909; x_wconf 85' lang='lat' dir='ltr'><strong>numero.</strong></span> <span class='ocrx_word' id='word_1_309' title='bbox 1911 2872 2213 2922; x_wconf 83' lang='lat' dir='ltr'><strong>Componuntur</strong></span> <span class='ocrx_word' id='word_1_310' title='bbox 2243 2884 2374 2913; x_wconf 87' lang='lat' dir='ltr'><strong>autem</strong></span> 
     </span>
     <span class='ocr_line' id='line_1_32' title="bbox 1668 2924 2373 2975; baseline 0.01 -15"><span class='ocrx_word' id='word_1_311' title='bbox 1668 2924 1808 2961; x_wconf 90' lang='lat' dir='ltr'><strong>horum</strong></span> <span class='ocrx_word' id='word_1_312' title='bbox 1838 2924 2092 2963; x_wconf 76' lang='lat' dir='ltr'><strong>terminorum</strong></span> <span class='ocrx_word' id='word_1_313' title='bbox 2126 2928 2160 2964; x_wconf 90' lang='lat' dir='ltr'>A</span> <span class='ocrx_word' id='word_1_314' title='bbox 2184 2928 2234 2974; x_wconf 93' lang='lat' dir='ltr'><strong>L,</strong></span> <span class='ocrx_word' id='word_1_315' title='bbox 2264 2928 2300 2966; x_wconf 92' lang='lat' dir='ltr'><strong>E</strong></span> <span class='ocrx_word' id='word_1_316' title='bbox 2326 2928 2373 2975; x_wconf 89' lang='lat' dir='ltr'><strong>P,</strong></span> 
     </span>
     <span class='ocr_line' id='line_1_33' title="bbox 1672 2977 2376 3031; baseline 0.006 -16"><span class='ocrx_word' id='word_1_317' title='bbox 1672 2977 1715 3015; x_wconf 78' lang='lat' dir='ltr'>H</span> <span class='ocrx_word' id='word_1_318' title='bbox 1739 2978 1776 3018; x_wconf 89' lang='lat' dir='ltr'><strong>S,</strong></span> <span class='ocrx_word' id='word_1_319' title='bbox 1798 2978 1867 3015; x_wconf 84' lang='lat' dir='ltr'><strong>&amp;c.</strong></span> <span class='ocrx_word' id='word_1_320' title='bbox 1895 2978 2061 3017; x_wconf 89' lang='lat' dir='ltr'><strong>rationes</strong></span> <span class='ocrx_word' id='word_1_321' title='bbox 2088 2993 2131 3017; x_wconf 86' lang='lat' dir='ltr'><strong>ex</strong></span> <span class='ocrx_word' id='word_1_322' title='bbox 2162 2981 2376 3031; x_wconf 86' lang='lat' dir='ltr'><strong>aequalibus</strong></span> 
     </span>
     <span class='ocr_line' id='line_1_34' title="bbox 1670 3030 2375 3072; baseline 0.01 -7"><span class='ocrx_word' id='word_1_323' title='bbox 1670 3030 1885 3068; x_wconf 77' lang='lat' dir='ltr'><strong>rationibus</strong></span> <span class='ocrx_word' id='word_1_324' title='bbox 1912 3032 2165 3069; x_wconf 82' lang='lat' dir='ltr'><strong>terminorum</strong></span> <span class='ocrx_word' id='word_1_325' title='bbox 2193 3034 2375 3072; x_wconf 82' lang='lat' dir='ltr'><strong>interme-</strong></span> 
     </span>
     <span class='ocr_line' id='line_1_35' title="bbox 1671 3082 2376 3135; baseline 0.009 -16"><span class='ocrx_word' id='word_1_326' title='bbox 1671 3082 1824 3120; x_wconf 84' lang='lat' dir='ltr'><strong>diorum</strong></span> <span class='ocrx_word' id='word_1_327' title='bbox 1864 3084 2062 3134; x_wconf 86' lang='lat' dir='ltr'><strong>aequaliter</strong></span> <span class='ocrx_word' id='word_1_328' title='bbox 2090 3086 2280 3135; x_wconf 86' lang='lat' dir='ltr'><strong>repetitis;</strong></span> <span class='ocrx_word' id='word_1_329' title='bbox 2315 3088 2376 3125; x_wconf 90' lang='lat' dir='ltr'><strong>ni-</strong></span> 
     </span>
     <span class='ocr_line' id='line_1_36' title="bbox 1671 3137 2375 3185; baseline 0.01 -14"><span class='ocrx_word' id='word_1_330' title='bbox 1671 3137 1816 3172; x_wconf 81' lang='lat' dir='ltr'><strong>mirum</strong></span> <span class='ocrx_word' id='word_1_331' title='bbox 1836 3137 1935 3174; x_wconf 85' lang='lat' dir='ltr'><strong>ratio</strong></span> <span class='ocrx_word' id='word_1_332' title='bbox 1958 3138 1996 3175; x_wconf 93' lang='lat' dir='ltr'><strong>A</strong></span> <span class='ocrx_word' id='word_1_333' title='bbox 2018 3138 2055 3176; x_wconf 91' lang='lat' dir='ltr'>L</span> <span class='ocrx_word' id='word_1_334' title='bbox 2074 3138 2123 3176; x_wconf 87' lang='lat' dir='ltr'><strong>ad</strong></span> <span class='ocrx_word' id='word_1_335' title='bbox 2145 3140 2181 3176; x_wconf 90' lang='lat' dir='ltr'><strong>E</strong></span> <span class='ocrx_word' id='word_1_336' title='bbox 2201 3139 2247 3185; x_wconf 93' lang='lat' dir='ltr'><strong>P,</strong></span> <span class='ocrx_word' id='word_1_337' title='bbox 2268 3153 2375 3178; x_wconf 87' lang='lat' dir='ltr'><strong>com-</strong></span> 
     </span>
     <span class='ocr_line' id='line_1_37' title="bbox 1671 3189 2374 3239; baseline 0.009 -13"><span class='ocrx_word' id='word_1_338' title='bbox 1671 3189 1831 3238; x_wconf 72' lang='lat' dir='ltr'><strong>ponitur</strong></span> <span class='ocrx_word' id='word_1_339' title='bbox 1839 3202 1883 3226; x_wconf 86' lang='lat' dir='ltr'><strong>ex</strong></span> <span class='ocrx_word' id='word_1_340' title='bbox 1893 3190 2106 3229; x_wconf 79' lang='lat' dir='ltr'><strong>rat-ionibus</strong></span> <span class='ocrx_word' id='word_1_341' title='bbox 2119 3192 2195 3230; x_wconf 90' lang='lat' dir='ltr'><strong>AL</strong></span> <span class='ocrx_word' id='word_1_342' title='bbox 2203 3194 2251 3230; x_wconf 91' lang='lat' dir='ltr'><strong>ad</strong></span> <span class='ocrx_word' id='word_1_343' title='bbox 2262 3194 2298 3231; x_wconf 88' lang='lat' dir='ltr'>B</span> <span class='ocrx_word' id='word_1_344' title='bbox 2312 3195 2374 3239; x_wconf 87' lang='lat' dir='ltr'><strong>M,</strong></span> 
     </span>
     <span class='ocr_line' id='line_1_38' title="bbox 1675 3242 2377 3297; baseline 0.009 -18"><span class='ocrx_word' id='word_1_345' title='bbox 1675 3243 1711 3280; x_wconf 89' lang='lat' dir='ltr'>B</span> <span class='ocrx_word' id='word_1_346' title='bbox 1736 3243 1780 3279; x_wconf 91' lang='lat' dir='ltr'>M</span> <span class='ocrx_word' id='word_1_347' title='bbox 1799 3242 1847 3279; x_wconf 82' lang='lat' dir='ltr'><strong>ad</strong></span> <span class='ocrx_word' id='word_1_348' title='bbox 1864 3243 1895 3281; x_wconf 94' lang='lat' dir='ltr'>C</span> <span class='ocrx_word' id='word_1_349' title='bbox 1915 3244 1967 3289; x_wconf 93' lang='lat' dir='ltr'><strong>N,</strong></span> <span class='ocrx_word' id='word_1_350' title='bbox 1981 3244 2051 3281; x_wconf 85' lang='lat' dir='ltr'><strong>&amp;c.</strong></span> <span class='ocrx_word' id='word_1_351' title='bbox 2069 3257 2156 3294; x_wconf 89' lang='lat' dir='ltr'><strong>quae</strong></span> <span class='ocrx_word' id='word_1_352' title='bbox 2168 3253 2251 3283; x_wconf 87' lang='lat' dir='ltr'><strong>tum</strong></span> <span class='ocrx_word' id='word_1_353' title='bbox 2266 3259 2377 3297; x_wconf 88' lang='lat' dir='ltr'><strong>mag-</strong></span> 
     </span>
     <span class='ocr_line' id='line_1_39' title="bbox 1671 3294 2380 3350; baseline 0.008 -19"><span class='ocrx_word' id='word_1_354' title='bbox 1671 3294 1863 3340; x_wconf 75' lang='lat' dir='ltr'><strong>nitudine,</strong></span> <span class='ocrx_word' id='word_1_355' title='bbox 1903 3304 1988 3333; x_wconf 87' lang='lat' dir='ltr'><strong>tum</strong></span> <span class='ocrx_word' id='word_1_356' title='bbox 2020 3309 2185 3335; x_wconf 88' lang='lat' dir='ltr'><strong>numero</strong></span> <span class='ocrx_word' id='word_1_357' title='bbox 2213 3301 2380 3350; x_wconf 84' lang='lat' dir='ltr'><strong>aequales</strong></span> 
     </span>
     <span class='ocr_line' id='line_1_40' title="bbox 1672 3349 2378 3399; baseline 0.011 -15"><span class='ocrx_word' id='word_1_358' title='bbox 1672 3356 1767 3385; x_wconf 89' lang='lat' dir='ltr'><strong>sunt</strong></span> <span class='ocrx_word' id='word_1_359' title='bbox 1796 3349 2009 3387; x_wconf 81' lang='lat' dir='ltr'><strong>rationibus</strong></span> <span class='ocrx_word' id='word_1_360' title='bbox 2047 3350 2084 3387; x_wconf 93' lang='lat' dir='ltr'>E</span> <span class='ocrx_word' id='word_1_361' title='bbox 2117 3351 2152 3389; x_wconf 92' lang='lat' dir='ltr'><strong>P</strong></span> <span class='ocrx_word' id='word_1_362' title='bbox 2179 3352 2229 3390; x_wconf 82' lang='lat' dir='ltr'><strong>ad</strong></span> <span class='ocrx_word' id='word_1_363' title='bbox 2261 3353 2293 3390; x_wconf 92' lang='lat' dir='ltr'>F</span> <span class='ocrx_word' id='word_1_364' title='bbox 2324 3354 2378 3399; x_wconf 83' lang='lat' dir='ltr'><strong>Q,</strong></span> 
     </span>
     <span class='ocr_line' id='line_1_41' title="bbox 631 3400 2381 3455; baseline 0.006 -24"><span class='ocrx_word' id='word_1_365' title='bbox 631 3451 635 3452; x_wconf 21' lang='lat'><em>⁷</em></span> <span class='ocrx_word' id='word_1_366' title='bbox 1682 3400 1716 3438; x_wconf 90' lang='lat' dir='ltr'>F</span> <span class='ocrx_word' id='word_1_367' title='bbox 1753 3402 1793 3444; x_wconf 78' lang='lat' dir='ltr'>Q</span> <span class='ocrx_word' id='word_1_368' title='bbox 1824 3401 1874 3439; x_wconf 87' lang='lat' dir='ltr'><strong>ad</strong></span> <span class='ocrx_word' id='word_1_369' title='bbox 1897 3402 1935 3440; x_wconf 90' lang='lat' dir='ltr'>G</span> <span class='ocrx_word' id='word_1_370' title='bbox 1969 3403 2021 3449; x_wconf 89' lang='lat' dir='ltr'><strong>R,</strong></span> <span class='ocrx_word' id='word_1_371' title='bbox 2052 3405 2122 3441; x_wconf 69' lang='grc' dir='ltr'><strong>ἃς.</strong></span> <span class='ocrx_word' id='word_1_372' title='bbox 2160 3417 2208 3441; x_wconf 88' lang='lat' dir='ltr'><strong>ex</strong></span> <span class='ocrx_word' id='word_1_373' title='bbox 2239 3406 2381 3455; x_wconf 86' lang='lat' dir='ltr'><strong>quibus</strong></span> 
     </span>
     <span class='ocr_line' id='line_1_42' title="bbox 254 3443 2377 3507; baseline 0.007 -26"><span class='ocrx_word' id='word_1_374' title='bbox 254 3453 365 3502; x_wconf 80' lang='lat' dir='ltr'><strong>AB</strong></span> <span class='ocrx_word' id='word_1_375' title='bbox 394 3452 434 3498; x_wconf 83' lang='lat' dir='ltr'>C</span> <span class='ocrx_word' id='word_1_376' title='bbox 470 3449 518 3497; x_wconf 78' lang='grc' dir='ltr'><strong>Ι)</strong></span> <span class='ocrx_word' id='word_1_377' title='bbox 542 3451 589 3496; x_wconf 82' lang='lat' dir='ltr'>E</span> <span class='ocrx_word' id='word_1_378' title='bbox 630 3450 663 3494; x_wconf 72' lang='lat'><strong>1⁴</strong></span> <span class='ocrx_word' id='word_1_379' title='bbox 708 3446 756 3489; x_wconf 88' lang='lat' dir='ltr'><strong>G</strong></span> <span class='ocrx_word' id='word_1_380' title='bbox 856 3443 907 3486; x_wconf 86' lang='lat' dir='ltr'><strong>H</strong></span> <span class='ocrx_word' id='word_1_381' title='bbox 1141 3447 1218 3489; x_wconf 79' lang='lat' dir='ltr'><strong>K·</strong></span> <span class='ocrx_word' id='word_1_382' title='bbox 1249 3487 1264 3502; x_wconf 54' lang='lat'>0</span> <span class='ocrx_word' id='word_1_383' title='bbox 1530 3466 1564 3507; x_wconf 79' lang='lat' dir='ltr'>z</span> <span class='ocrx_word' id='word_1_384' title='bbox 1680 3455 1926 3502; x_wconf 78' lang='lat' dir='ltr'><strong>componitur</strong></span> <span class='ocrx_word' id='word_1_385' title='bbox 1951 3456 2050 3493; x_wconf 86' lang='lat' dir='ltr'><strong>ratio</strong></span> <span class='ocrx_word' id='word_1_386' title='bbox 2079 3457 2116 3495; x_wconf 91' lang='lat' dir='ltr'><strong>E</strong></span> <span class='ocrx_word' id='word_1_387' title='bbox 2140 3457 2174 3495; x_wconf 87' lang='lat' dir='ltr'><strong>P</strong></span> <span class='ocrx_word' id='word_1_388' title='bbox 2192 3457 2242 3494; x_wconf 83' lang='lat' dir='ltr'><strong>ad</strong></span> <span class='ocrx_word' id='word_1_389' title='bbox 2271 3459 2297 3495; x_wconf 91' lang='lat' dir='ltr'>S</span> <span class='ocrx_word' id='word_1_390' title='bbox 2318 3458 2377 3505; x_wconf 88' lang='lat' dir='ltr'><strong>H,</strong></span> 
     </span>
    </p>

    <p class='ocr_par' dir='ltr' id='par_1_10' title="bbox 239 3505 2384 3821">
     <span class='ocr_line' id='line_1_43' title="bbox 1681 3505 2382 3555; baseline 0.01 -12"><span class='ocrx_word' id='word_1_391' title='bbox 1681 3514 1720 3544; x_wconf 88' lang='lat' dir='ltr'><strong>et</strong></span> <span class='ocrx_word' id='word_1_392' title='bbox 1740 3505 1794 3544; x_wconf 63' lang='lat' dir='ltr'><strong>ita</strong></span> <span class='ocrx_word' id='word_1_393' title='bbox 1821 3506 1946 3555; x_wconf 73' lang='lat' dir='ltr'><strong>porro.</strong></span> <span class='ocrx_word' id='word_1_394' title='bbox 2009 3508 2141 3554; x_wconf 72' lang='lat' dir='ltr'><strong>Quare</strong></span> <span class='ocrx_word' id='word_1_395' title='bbox 2165 3511 2263 3548; x_wconf 87' lang='lat' dir='ltr'><strong>ratio</strong></span> <span class='ocrx_word' id='word_1_396' title='bbox 2285 3511 2321 3548; x_wconf 93' lang='lat' dir='ltr'><strong>A</strong></span> <span class='ocrx_word' id='word_1_397' title='bbox 2343 3512 2382 3550; x_wconf 92' lang='lat' dir='ltr'>L</span> 
     </span>
     <span class='ocr_line' id='line_1_44' title="bbox 242 3554 2383 3609; baseline 0.005 -17"><span class='ocrx_word' id='word_1_398' title='bbox 242 3555 379 3602; x_wconf 83' lang='lat' dir='ltr'><strong>divisa,</strong></span> <span class='ocrx_word' id='word_1_399' title='bbox 409 3562 576 3604; x_wconf 83' lang='lat' dir='ltr'><strong>exponat</strong></span> <span class='ocrx_word' id='word_1_400' title='bbox 602 3562 767 3603; x_wconf 77' lang='lat' dir='ltr'><strong>tempuS,</strong></span> <span class='ocrx_word' id='word_1_401' title='bbox 801 3561 840 3592; x_wconf 85' lang='lat' dir='ltr'><strong>et</strong></span> <span class='ocrx_word' id='word_1_402' title='bbox 871 3554 1147 3604; x_wconf 80' lang='lat' dir='ltr'><strong>perpendicula</strong></span> <span class='ocrx_word' id='word_1_403' title='bbox 1176 3555 1213 3593; x_wconf 96' lang='lat' dir='ltr'><strong>A</strong></span> <span class='ocrx_word' id='word_1_404' title='bbox 1237 3555 1286 3602; x_wconf 94' lang='lat' dir='ltr'><strong>L,</strong></span> <span class='ocrx_word' id='word_1_405' title='bbox 1342 3554 1391 3592; x_wconf 88' lang='lat' dir='ltr'><strong>ad</strong></span> <span class='ocrx_word' id='word_1_406' title='bbox 1412 3555 1449 3593; x_wconf 85' lang='lat' dir='ltr'>E</span> <span class='ocrx_word' id='word_1_407' title='bbox 1473 3555 1508 3593; x_wconf 90' lang='grc' dir='ltr'><strong><em>Ρ</em></strong></span> <span class='ocrx_word' id='word_1_408' title='bbox 1527 3556 1684 3605; x_wconf 71' lang='lat' dir='ltr'><strong>aequalis</strong></span> <span class='ocrx_word' id='word_1_409' title='bbox 1702 3567 1759 3597; x_wconf 89' lang='lat' dir='ltr'><strong>est</strong></span> <span class='ocrx_word' id='word_1_410' title='bbox 1775 3561 1914 3597; x_wconf 85' lang='lat' dir='ltr'><strong>rationi</strong></span> <span class='ocrx_word' id='word_1_411' title='bbox 1935 3561 1972 3598; x_wconf 93' lang='lat' dir='ltr'><strong>E</strong></span> <span class='ocrx_word' id='word_1_412' title='bbox 1994 3562 2030 3600; x_wconf 91' lang='lat' dir='ltr'><strong>P</strong></span> <span class='ocrx_word' id='word_1_413' title='bbox 2047 3562 2094 3600; x_wconf 84' lang='lat' dir='ltr'><strong>ad</strong></span> <span class='ocrx_word' id='word_1_414' title='bbox 2119 3563 2161 3600; x_wconf 91' lang='lat' dir='ltr'>H</span> <span class='ocrx_word' id='word_1_415' title='bbox 2186 3563 2224 3609; x_wconf 89' lang='lat' dir='ltr'><strong>S,</strong></span> <span class='ocrx_word' id='word_1_416' title='bbox 2245 3570 2284 3601; x_wconf 87' lang='lat' dir='ltr'><strong>et</strong></span> <span class='ocrx_word' id='word_1_417' title='bbox 2300 3564 2383 3602; x_wconf 84' lang='lat' dir='ltr'><strong>haec</strong></span> 
     </span>
     <span class='ocr_line' id='line_1_45' title="bbox 244 3607 2381 3657; baseline 0.001 -12"><span class='ocrx_word' id='word_1_418' title='bbox 244 3609 279 3646; x_wconf 94' lang='lat' dir='ltr'>B</span> <span class='ocrx_word' id='word_1_419' title='bbox 298 3610 360 3655; x_wconf 87' lang='lat' dir='ltr'><strong>M,</strong></span> <span class='ocrx_word' id='word_1_420' title='bbox 388 3610 420 3647; x_wconf 95' lang='lat' dir='ltr'>C</span> <span class='ocrx_word' id='word_1_421' title='bbox 440 3611 491 3655; x_wconf 92' lang='lat' dir='ltr'><strong>N,</strong></span> <span class='ocrx_word' id='word_1_422' title='bbox 504 3610 574 3646; x_wconf 59' lang='grc' dir='ltr'><strong>ἃς.</strong></span> <span class='ocrx_word' id='word_1_423' title='bbox 597 3614 792 3655; x_wconf 83' lang='lat' dir='ltr'><strong>exponant</strong></span> <span class='ocrx_word' id='word_1_424' title='bbox 810 3608 1028 3645; x_wconf 84' lang='lat' dir='ltr'><strong>velocitates</strong></span> <span class='ocrx_word' id='word_1_425' title='bbox 1045 3608 1137 3657; x_wconf 87' lang='lat' dir='ltr'><strong>ipsis</strong></span> <span class='ocrx_word' id='word_1_426' title='bbox 1155 3608 1288 3657; x_wconf 82' lang='lat' dir='ltr'><strong>singu-</strong></span> <span class='ocrx_word' id='word_1_427' title='bbox 1343 3607 1501 3657; x_wconf 72' lang='lat' dir='ltr'><strong>aequalis</strong></span> <span class='ocrx_word' id='word_1_428' title='bbox 1521 3610 1658 3647; x_wconf 81' lang='lat' dir='ltr'><strong>rationi</strong></span> <span class='ocrx_word' id='word_1_429' title='bbox 1680 3612 1725 3650; x_wconf 91' lang='lat' dir='ltr'>H</span> <span class='ocrx_word' id='word_1_430' title='bbox 1751 3613 1778 3650; x_wconf 88' lang='lat' dir='ltr'>S</span> <span class='ocrx_word' id='word_1_431' title='bbox 1796 3613 1845 3650; x_wconf 84' lang='lat' dir='ltr'><strong>ad</strong></span> <span class='ocrx_word' id='word_1_432' title='bbox 1865 3613 1902 3651; x_wconf 82' lang='grc' dir='ltr'><strong>Κ</strong></span> <span class='ocrx_word' id='word_1_433' title='bbox 1927 3613 1974 3651; x_wconf 88' lang='grc' dir='ltr'><strong>Τ.</strong></span> <span class='ocrx_word' id='word_1_434' title='bbox 2034 3615 2292 3654; x_wconf 71' lang='lat' dir='ltr'><strong>Manifestum</strong></span> <span class='ocrx_word' id='word_1_435' title='bbox 2310 3630 2381 3655; x_wconf 72' lang='lat' dir='ltr'><strong>au-</strong></span> 
     </span>
     <span class='ocr_line' id='line_1_46' title="bbox 239 3660 2384 3718; baseline 0.005 -21"><span class='ocrx_word' id='word_1_436' title='bbox 239 3660 369 3698; x_wconf 80' lang='lat' dir='ltr'><strong>lorum</strong></span> <span class='ocrx_word' id='word_1_437' title='bbox 404 3669 622 3710; x_wconf 78' lang='lat' dir='ltr'><strong>temporum</strong></span> <span class='ocrx_word' id='word_1_438' title='bbox 647 3662 684 3697; x_wconf 93' lang='lat' dir='ltr'><strong>A</strong></span> <span class='ocrx_word' id='word_1_439' title='bbox 704 3660 752 3705; x_wconf 92' lang='lat' dir='ltr'><strong>B,</strong></span> <span class='ocrx_word' id='word_1_440' title='bbox 786 3660 821 3697; x_wconf 93' lang='lat' dir='ltr'><strong>B</strong></span> <span class='ocrx_word' id='word_1_441' title='bbox 846 3661 890 3704; x_wconf 90' lang='lat' dir='ltr'><strong>C,</strong></span> <span class='ocrx_word' id='word_1_442' title='bbox 916 3661 948 3698; x_wconf 90' lang='lat' dir='ltr'>C</span> <span class='ocrx_word' id='word_1_443' title='bbox 971 3662 1023 3705; x_wconf 91' lang='lat' dir='ltr'><strong>D,</strong></span> <span class='ocrx_word' id='word_1_444' title='bbox 1043 3662 1113 3699; x_wconf 82' lang='lat' dir='ltr'><strong>&amp;c.</strong></span> <span class='ocrx_word' id='word_1_445' title='bbox 1144 3660 1287 3708; x_wconf 79' lang='lat' dir='ltr'><strong>initiis3</strong></span> <span class='ocrx_word' id='word_1_446' title='bbox 1343 3668 1421 3698; x_wconf 83' lang='lat' dir='ltr'><strong>tem</strong></span> <span class='ocrx_word' id='word_1_447' title='bbox 1440 3669 1497 3698; x_wconf 84' lang='lat' dir='ltr'><strong>est</strong></span> <span class='ocrx_word' id='word_1_448' title='bbox 1518 3662 1606 3713; x_wconf 80' lang='lat'>(33)</span> <span class='ocrx_word' id='word_1_449' title='bbox 1627 3677 1783 3702; x_wconf 84' lang='lat' dir='ltr'><strong>curvam</strong></span> <span class='ocrx_word' id='word_1_450' title='bbox 1807 3667 1842 3703; x_wconf 92' lang='lat' dir='ltr'><strong>L</strong></span> <span class='ocrx_word' id='word_1_451' title='bbox 1863 3667 1912 3704; x_wconf 93' lang='lat' dir='ltr'><strong>M</strong></span> <span class='ocrx_word' id='word_1_452' title='bbox 1934 3667 1973 3704; x_wconf 91' lang='lat' dir='ltr'>N</span> <span class='ocrx_word' id='word_1_453' title='bbox 1996 3668 2022 3706; x_wconf 94' lang='lat' dir='ltr'>S</span> <span class='ocrx_word' id='word_1_454' title='bbox 2044 3669 2090 3712; x_wconf 90' lang='lat' dir='ltr'><strong>T,</strong></span> <span class='ocrx_word' id='word_1_455' title='bbox 2113 3669 2160 3707; x_wconf 82' lang='lat' dir='ltr'><strong>ad</strong></span> <span class='ocrx_word' id='word_1_456' title='bbox 2180 3681 2296 3718; x_wconf 86' lang='lat' dir='ltr'><strong>quam</strong></span> <span class='ocrx_word' id='word_1_457' title='bbox 2308 3678 2384 3707; x_wconf 79' lang='lat' dir='ltr'><strong>ter-</strong></span> 
     </span>
     <span class='ocr_line' id='line_1_47' title="bbox 244 3712 2381 3771; baseline 0.005 -19"><span class='ocrx_word' id='word_1_458' title='bbox 244 3725 358 3752; x_wconf 79' lang='lat' dir='ltr'><strong>erunt</strong></span> <span class='ocrx_word' id='word_1_459' title='bbox 399 3717 463 3765; x_wconf 87' lang='lat' dir='ltr'><strong>(ex</strong></span> <span class='ocrx_word' id='word_1_460' title='bbox 498 3713 638 3763; x_wconf 88' lang='lat' dir='ltr'><strong>Dem.)</strong></span> <span class='ocrx_word' id='word_1_461' title='bbox 677 3712 896 3750; x_wconf 81' lang='lat' dir='ltr'><strong>velocitates</strong></span> <span class='ocrx_word' id='word_1_462' title='bbox 925 3713 1002 3751; x_wconf 88' lang='lat' dir='ltr'><strong>illae</strong></span> <span class='ocrx_word' id='word_1_463' title='bbox 1027 3714 1069 3750; x_wconf 91' lang='lat' dir='ltr'><strong>in</strong></span> <span class='ocrx_word' id='word_1_464' title='bbox 1105 3713 1291 3751; x_wconf 61' lang='lat' dir='ltr'><strong>continua</strong></span> <span class='ocrx_word' id='word_1_465' title='bbox 1343 3714 1542 3752; x_wconf 82' lang='lat' dir='ltr'><strong>minantur</strong></span> <span class='ocrx_word' id='word_1_466' title='bbox 1559 3717 1833 3766; x_wconf 81' lang='lat' dir='ltr'><strong>perpendicula</strong></span> <span class='ocrx_word' id='word_1_467' title='bbox 1851 3720 1981 3759; x_wconf 84' lang='lat' dir='ltr'><strong>omnia</strong></span> <span class='ocrx_word' id='word_1_468' title='bbox 2002 3721 2041 3759; x_wconf 91' lang='lat' dir='ltr'><strong>A</strong></span> <span class='ocrx_word' id='word_1_469' title='bbox 2063 3722 2111 3768; x_wconf 94' lang='lat' dir='ltr'><strong>L,</strong></span> <span class='ocrx_word' id='word_1_470' title='bbox 2137 3723 2172 3760; x_wconf 92' lang='lat' dir='ltr'>B</span> <span class='ocrx_word' id='word_1_471' title='bbox 2193 3723 2256 3769; x_wconf 87' lang='lat' dir='ltr'><strong>M,</strong></span> <span class='ocrx_word' id='word_1_472' title='bbox 2279 3723 2312 3762; x_wconf 93' lang='lat' dir='ltr'>C</span> <span class='ocrx_word' id='word_1_473' title='bbox 2329 3724 2381 3771; x_wconf 87' lang='lat' dir='ltr'><strong>N,</strong></span> 
     </span>
     <span class='ocr_line' id='line_1_48' title="bbox 241 3765 1853 3821; baseline 0.005 -19"><span class='ocrx_word' id='word_1_474' title='bbox 241 3770 510 3818; x_wconf 83' lang='lat' dir='ltr'><strong>progressione</strong></span> <span class='ocrx_word' id='word_1_475' title='bbox 542 3765 774 3819; x_wconf 52' lang='lat' dir='ltr'><strong>geometrica&amp;</strong></span> <span class='ocrx_word' id='word_1_476' title='bbox 807 3765 1061 3805; x_wconf 82' lang='lat' dir='ltr'><strong>decrescente.</strong></span> <span class='ocrx_word' id='word_1_477' title='bbox 1121 3766 1291 3805; x_wconf 71' lang='lat' dir='ltr'><strong>Proinde</strong></span> <span class='ocrx_word' id='word_1_478' title='bbox 1343 3767 1413 3804; x_wconf 85' lang='lat' dir='ltr'><strong>&amp;c.</strong></span> <span class='ocrx_word' id='word_1_479' title='bbox 1437 3780 1518 3807; x_wconf 86' lang='lat' dir='ltr'><strong>esse</strong></span> <span class='ocrx_word' id='word_1_480' title='bbox 1537 3769 1853 3821; x_wconf 75' lang='lat' dir='ltr'><strong>logarithmIcam.</strong></span> 
     </span>
    </p>
   </div>
   <div class='ocr_carea' id='block_1_7' title="bbox 262 2829 1604 3460">
    <p class='ocr_par' dir='ltr' id='par_1_11' title="bbox 262 2829 1604 3460">
     <span class='ocr_line' id='line_1_49' title="bbox 262 2829 1604 3460; baseline 0 732"><span class='ocrx_word' id='word_1_481' title='bbox 262 2829 1604 3460; x_wconf 95' lang='lat' dir='ltr'><strong> </strong></span> 
     </span>
    </p>
   </div>
  </div>
 </body>
</html>
