2502 4192
206 343 274 394 72

744 321 1312 403 PH1LOSOPHIAE
1350 318 1804 372 NATURALIS
1880 316 2064 382 [Mo'r.
2095 317 2343 369 Conron.

204 481 255 533 A
285 479 330 531 F
366 476 465 547 ipsi
504 475 550 528 P
578 474 632 536 Q
668 469 967 524 normaliter
991 467 1315 519 insistentem
1354 463 1688 516 terminatur:
1728 470 1780 513 et
1815 460 2104 513 resistentia
2146 460 2244 512 erit
2279 459 2347 511 ad

200 569 509 641 gravitatem
533 573 591 615 ut
619 571 648 614 3
677 581 708 612 a
732 560 799 611 ad
837 566 868 610 2
894 576 947 620 n,
981 556 1037 607 id
1072 565 1165 617 est,
1199 563 1259 605 ut
1286 562 1315 606 3
1345 553 1397 604 A
1436 552 1483 604 C
1525 551 1591 602 ad
1622 549 1799 601 circuli
1841 548 2148 600 diametrum
2188 549 2234 599 P
2261 548 2342 609 Q:

202 660 262 729 (⁶)
290 656 537 710 velocitas
564 660 736 703 autem
762 648 860 699 erit
883 655 943 697 ut
978 644 1031 695 tl
1066 643 1111 694 C
1140 641 1216 693 H.

1295 641 1473 703 Quare
1499 640 1541 691 si
1560 656 1749 707 corpus
1768 635 1907 706 justa
1934 655 2054 689 cum
2076 636 2345 689 velocitate

200 748 486 803 secundum
523 745 714 795 lineam
749 739 850 807 ipsi
878 737 923 788 P
952 735 1006 796 Q
1029 732 1327 803 parallelam
1353 741 1504 785 exeat
1529 731 1594 782 de
1618 730 1734 781 loco
1763 729 1824 792 F,
1864 738 1916 780 et
1939 727 2096 779 medii
2121 727 2343 780 densitas

196 841 252 892 in
299 835 513 905 singulis
557 831 686 882 locis
733 828 795 880 H
846 825 910 876 sit
950 833 1010 874 ut

195 927 469 1001 longitudo
495 919 753 993 tangentis
782 916 841 968 H
860 915 928 978 T,
957 923 1008 965 et

196 1016 482 1072 resistentia
515 1013 671 1065 etiam
695 1009 750 1059 in
777 1008 892 1058 loco
913 1004 1004 1055 ali-

197 1129 301 1180 quo
329 1106 390 1157 H
417 1105 482 1157 sit
508 1101 574 1154 ad
601 1100 705 1152 vim
743 1093 1007 1167 gravitatis

195 1210 253 1250 ut
282 1207 312 1250 3
340 1196 392 1248 A
412 1195 457 1245 C
484 1191 551 1244 ad
579 1189 623 1241 P
645 1188 714 1249 Q,
744 1181 1006 1253 corpusil-

194 1287 289 1338 lud
344 1282 600 1336 describet
651 1275 830 1328 circuli
881 1291 1005 1342 qua-

197 1377 435 1428 drantem
464 1372 509 1422 F
537 1369 597 1420 H
625 1367 695 1428 Q.
772 1365 841 1426 Q.
868 1382 913 1414 e.
940 1362 973 1412 i.

270 1466 343 1516 At
368 1464 411 1514 si
436 1476 623 1526 corpus
648 1455 789 1506 idem
809 1452 1006 1503 deloco

200 1556 261 1617 P,
327 1548 615 1604 secundum
663 1544 854 1594 lineam
908 1541 1008 1609 ipsi

199 1643 244 1694 P
267 1642 321 1702 Q
345 1633 831 1709 perpendicularem
860 1648 1006 1700 egre-

197 1731 422 1790 deretur,
464 1736 516 1777 et
540 1725 595 1775 in
621 1739 746 1772 arcu
779 1719 1007 1771 semicir-

1085 1619 1137 1670 P

1883 1598 2014 1686 Bc
2093 1642 2234 1690 DE
2297 1640 2347 1686 a

198 1818 300 1870 culi
329 1817 373 1868 P
395 1815 439 1866 F
462 1814 516 1874 Q
540 1808 738 1863 moveri
762 1808 1030 1876 inciperet,
1059 1804 1309 1858 sumenda
1328 1812 1462 1855 esset
1482 1803 1531 1854 A
1552 1802 1598 1855 C
1615 1821 1704 1854 seu
1729 1820 1761 1852 a
1786 1801 1854 1854 ad
1877 1800 2159 1852 contrarias
2175 1809 2348 1869 partes

199 1907 363 1960 centri
406 1905 473 1967 A,
520 1887 571 1953 et
613 1908 890 1969 propterea
926 1896 1133 1967 signum
1173 1895 1282 1964 ejus
1317 1891 1623 1943 mutandum
1661 1898 1798 1942 esset
1833 1898 1887 1942 et
1927 1889 1990 1959 (d)
2020 1889 2348 1941 scribendum

200 2047 447 2099 -apro
482 2035 611 2091 ÷a.

690 2024 815 2086 Quo
839 2029 995 2091 pacto
1019 2019 1255 2090 prodiret
1279 2016 1437 2069 medii
1461 2014 1687 2068 densitas
1713 2023 1772 2065 ut
1796 2044 1868 2053 —
1896 2000 1971 2064 Ξ.

1912 2084 1942 2116 e
2040 2012 2348 2083 Negativam

201 2182 372 2226 autem
415 2168 737 2230 densitatem,
783 2165 886 2216 hoc
923 2171 1017 2226 est,
1063 2179 1180 2232 quae
1216 2168 1387 2211 motus
1426 2174 1705 2226 corporum
1730 2153 1995 2217 accelerat,
2034 2163 2219 2206 natura
2243 2171 2348 2204 non

287 2355 404 2393 HT

285 2410 391 2417 -—-—

203 2396 248 2427 ut
293 2422 328 2459 Α
359 2414 417 2458 Η,
463 2397 533 2423 seu
574 2392 618 2423 ut
657 2386 702 2423 H
741 2385 777 2423 T
822 2385 873 2423 ob
917 2384 1054 2423 datum
1097 2383 1250 2423 radium

209 2475 245 2513 A

262 2542 316 2595 (⁰)
340 2545 360 2567 '¹'
393 2543 571 2580 Velocitas
599 2548 728 2580 autem
746 2541 815 2579 erit
834 2547 881 2578 ut
901 2541 954 2589 M
981 2540 1013 2579 C
1028 2541 1085 2579 Η.
1145 2539 1252 2577 Nam

1067 2605 1251 2707 141303

545 2728 569 2760 2
597 2735 631 2768 e,
662 2721 724 2759 vel
754 2723 807 2773 4!
832 2726 856 2759 2
880 2722 912 2761 C
943 2722 988 2760 H
1018 2719 1183 2773 ideoque
1207 2728 1253 2760 ut

207 2642 271 2691 (ex
281 2637 489 2675 demonstr.
501 2636 617 2685 Prop.
624 2635 697 2686 X.)
707 2634 886 2673 velocitas
894 2645 950 2674 est
958 2642 1001 2674 ut
1007 2638 1057 2687 μ

204 2725 242 2762 id
277 2732 347 2770 est,
382 2731 428 2762 ut
459 2725 512 2776 4!

209 2780 261 2829 ,s
291 2777 404 2816 CH.

264 2853 351 2888 119.
387 2848 585 2894 Quoniam
599 2846 718 2897 igitur
731 2840 910 2885 verocitas
928 2853 985 2884 est
1002 2853 1047 2884 ut
1068 2848 1120 2896 4!
1140 2846 1172 2884 C
1188 2846 1246 2893 H,

206 2902 325 2940 medii
344 2902 511 2940 densitas
529 2909 574 2938 ut
592 2912 754 2951 tangens
776 2900 819 2937 H
831 2901 889 2943 .T‚
919 2907 957 2937 et
975 2899 1187 2937 resistentia
1204 2907 1250 2937 ut

213 2956 251 2991 A
275 2956 320 3000 C,
344 2956 451 3006 (quia
468 2954 633 3006 gravitas
647 2961 686 2990 et
704 2952 838 2991 circuli
854 2953 1039 2990 diameter
1056 2953 1092 2990 =P
1110 2954 1149 2996 Q
1162 2952 1250 2990 data

209 3008 317 3058 sunt)
348 3021 505 3057 corpore
522 3006 766 3056 perveniente
784 3005 833 3043 ad
851 3013 1041 3054 punctum
1072 3006 1112 3050 Q
1138 3005 1251 3043 lineae

213 3061 468 3107 horizontalis,
496 3060 676 3098 velocitas
691 3059 774 3110 ejus
791 3059 900 3096 nulla
918 3058 1000 3104 erit,
1020 3058 1137 3097 medii
1156 3058 1251 3096 den-

209 3114 299 3151 sitas
317 3114 479 3160 infinita,
499 3112 712 3151 resistentia
730 3112 849 3149 finita.
912 3111 952 3149 Si
970 3110 1060 3149 vere>
1086 3119 1253 3160 ponatur

214 3167 245 3204 C
261 3167 305 3204 H
326 3167 512 3218 negativa,
534 3174 579 3203 ut
597 3178 735 3214 corpus
753 3165 854 3203 infra
871 3163 1146 3203 horizontalem
1164 3164 1198 3202 P
1213 3165 1256 3209 Q

209 3227 368 3269 pergat3
403 3219 471 3257 fiet
497 3219 675 3256 velocitas
702 3225 747 3256 ut
767 3220 820 3270 Μ
842 3240 896 3249 -
920 3218 951 3256 C
974 3219 1031 3264 H,
1061 3217 1254 3267 quantitas

209 3272 459 3322 imaginaria;
489 3280 527 3309 et
543 3270 632 3309 ideo
646 3284 783 3320 corpus
795 3284 873 3309 non
888 3278 1012 3319 potest
1029 3271 1129 3308 infra
1147 3270 1252 3307 hori-

210 3325 400 3363 zontalem
423 3325 456 3362 P
479 3326 521 3369 Q
537 3323 777 3362 descendere.
840 3325 897 3362 At
916 3324 1012 3361 dum
1030 3336 1169 3372 corpus
1195 3332 1254 3361 est

209 3377 251 3415 in
274 3378 318 3424 F,
339 3377 518 3415 velocitas
537 3378 620 3427 ejus
639 3384 695 3414 est
713 3385 758 3415 ut
779 3380 831 3427 ς]
859 3378 896 3415 A
921 3378 965 3424 F,
985 3376 1104 3414 medii
1122 3377 1250 3415 densi-

210 3438 266 3468 tas
286 3430 406 3477 nulla,
427 3437 465 3468 et
481 3430 694 3468 resistentia
707 3430 826 3468 nulla.

266 3501 320 3553 (⁶)
343 3503 365 3524 ¹*
388 3503 635 3540 Scribendum
661 3521 716 3531 -
741 3515 765 3538 a
785 3514 858 3550 pro
879 3500 933 3553 -Ι-
954 3515 989 3539 a.
1051 3500 1156 3539 Nam
1174 3500 1254 3538 for-

211 3554 321 3593 mula
347 3566 436 3604 quae
467 3552 695 3591 densitatem
729 3553 848 3591 medii
879 3554 1049 3602 exponit,
1087 3553 1256 3602 corporis

212 3607 401 3653 ascensui,
436 3613 474 3644 et
503 3605 702 3644 descensui
739 3607 956 3645 communis
991 3615 1059 3653 est,
1091 3607 1190 3645 sicut
1215 3613 1257 3645 et

212 3661 299 3698 alioe
331 3659 509 3698 formulae
545 3671 633 3709 quae
667 3658 920 3697 resistentiam
950 3667 989 3698 et
1016 3659 1256 3698 velocitatem

213 3720 414 3761 exponunt
447 3711 590 3764 (116);
628 3719 667 3749 et
701 3711 844 3749 idcirco
875 3720 920 3750 ut
950 3713 1142 3762 quantitas
1168 3724 1258 3762 quae

214 3766 443 3803 densitatem
474 3764 594 3802 medii
625 3776 783 3813 corpore
819 3764 1073 3803 descendente
1100 3765 1260 3815 exponit

215 3819 391 3856 camdem
413 3825 583 3868 exponat
601 3830 671 3867 pro
690 3817 858 3866 corporis
885 3831 1042 3856 ascensu
1061 3812 1129 3869 per
1147 3831 1259 3857 cum-

1304 2352 1393 2391 dem
1413 2352 1474 2391 vel
1492 2352 1657 2390 similem
1676 2360 1715 2391 et
1732 2354 1918 2403 aequalem
1938 2366 2084 2400 arcum,
2112 2353 2348 2393 substituen-

1303 2406 1377 2444 dus
1400 2413 1457 2443 est
1484 2405 1526 2442 in
1555 2406 1623 2443 illa
1654 2407 1867 2455 quantitate
1897 2407 2003 2444 valor
2038 2407 2223 2452 abscissae,
2260 2420 2348 2457 quae

1303 2470 1461 2506 corpore
1486 2458 1741 2497 descendente
1759 2459 1821 2497 hic
1839 2459 1999 2508 positiva
2017 2467 2087 2506 est,
2116 2460 2348 2498 ascendente

1305 2510 1494 2562 negativa.

1362 2585 1448 2619 1⁶20.
1476 2583 1606 2632 Atque
1623 2581 1715 2620 hinc
1728 2582 1940 2633 generatim
1952 2582 2146 2633 colligitur
2164 2583 2344 2621 eumdem

1305 2647 1433 2672 curvae
1451 2648 1596 2682 arcum,
1626 2635 1688 2673 vel
1705 2635 1849 2673 similes
1862 2643 1901 2673 et
1918 2635 2083 2685 aequales
2101 2636 2281 2686 utrinque
2300 2638 2349 2674 ab

1304 2700 1376 2725 axe
1391 2700 1511 2733 arcuS‚
1533 2701 1611 2726 non
1630 2700 1739 2737 posse
1757 2701 1916 2726 ascensu
1931 2696 1970 2726 et
1987 2688 2171 2726 descensu
2186 2688 2348 2726 describi

1304 2740 1348 2778 in
1365 2753 1446 2778 uno
1463 2741 1593 2780 medio
1616 2740 1814 2779 densitatis
1839 2749 2052 2790 utcumque
2078 2740 2278 2785 variabilis,
2308 2742 2348 2778 id

1305 2800 1372 2838 est,
1393 2794 1425 2831 si
1439 2805 1549 2832 arcus
1567 2807 1671 2832 unus
1690 2807 1848 2831 ascensu
1863 2793 2024 2832 describi
2042 2801 2177 2842 potest,
2190 2793 2348 2831 descen-

1302 2859 1347 2884 su
1367 2847 1530 2885 describi
1548 2860 1627 2884 non
1644 2859 1767 2896 posse,
1787 2854 1825 2885 et
1843 2853 1987 2885 contra.
2052 2847 2155 2884 Nam
2176 2847 2206 2883 si
2225 2847 2266 2884 in
2285 2859 2348 2884 so-

1302 2900 1450 2937 lutione
1463 2900 1710 2948 problematis
1723 2900 1884 2951 hujusce
1895 2912 1965 2947 pro
1976 2899 2145 2949 corporis
2159 2899 2347 2937 descensu

1303 2964 1372 3001 per
1403 2965 1536 2990 arcum
1566 2953 1600 2991 F
1623 2954 1674 2998 Q,
1708 2953 1817 3002 origo
1848 2952 2022 2990 abscissae
2049 2952 2222 3001 positivae
2252 2954 2290 2989 A
2314 2953 2347 2991 C

1304 3012 1494 3044 statuatur
1511 3006 1554 3043 in
1575 3007 1625 3052 A,
1647 3014 1686 3044 et
1703 3018 1773 3056 pro
1796 3006 1828 3044 C
1850 3006 1900 3052 B,
1928 3006 1960 3043 C
1985 3006 2038 3049 D,
2063 3005 2104 3043 C·
2120 3005 2156 3042 E
2178 3005 2347 3043 scriban-

2005 3068 2333 3121 sv1÷QQ

2111 3134 2150 3171 R
2174 3133 2213 3170 R
2330 3127 2343 3138 ‘

1310 3187 1389 3226 Pro
1416 3199 1578 3226 ascensu
1595 3199 1664 3237 per
1682 3187 1864 3225 eumdem
1881 3198 2014 3225 arcum
2033 3199 2056 3223 a
2078 3186 2119 3230 Q
2135 3185 2184 3222 ad
2207 3185 2251 3231 F,
2281 3186 2348 3223 ab-

1306 3240 1422 3278 scissa
1440 3240 1576 3278 eadem
1598 3241 1635 3278 A
1661 3241 1693 3278 C
1711 3239 1899 3277 sumenda
1925 3240 1996 3276 erit
2020 3237 2208 3289 negative,
2237 3237 2349 3276 cum-

1306 3306 1382 3343 que
1400 3293 1449 3331 sit
1466 3306 1490 3331 o
1508 3293 1680 3332 abscissae
1707 3292 1840 3338 fluxio,
1867 3293 1954 3330 loco
1976 3292 2008 3330 C
2033 3292 2079 3335 B,
2112 3292 2144 3329 C
2168 3291 2221 3337 D,
2255 3292 2288 3330 C
2310 3290 2347 3328 E

1307 3345 1553 3385 scribendum
1580 3346 1651 3384 erit
1673 3357 1891 3390 o‚—o‚—
1911 3349 1935 3382 2
1953 3357 1977 3383 o
2004 3344 2047 3381 in
2077 3344 2269 3382 valoribus
2299 3343 2347 3380 li-

1307 3409 1468 3437 nearum
1500 3400 1546 3437 M
1569 3399 1604 3444 1,
1635 3399 1677 3436 N
1697 3399 1733 3444 I,
1765 3398 1807 3435 D
1829 3398 1865 3444 I,
1896 3398 1933 3435 E
1954 3397 1993 3435 K
2013 3404 2052 3436 et
2073 3398 2108 3435 B
2134 3397 2193 3443 G;
2225 3404 2263 3434 et
2281 3398 2348 3433 ab-

1309 3452 1437 3489 soluto
1463 3452 1625 3498 calculo,
1649 3452 1754 3489 utin
1773 3449 1908 3489 eadem
1935 3463 2005 3501 pro
2031 3450 2215 3488 descensu
2242 3448 2346 3486 solu-

1308 3504 1425 3551 tione,
1455 3504 1665 3544 resistentia
1683 3516 1753 3554 pro
1771 3517 1930 3543 ascensu
1949 3503 2165 3541 invenietur
2191 3514 2349 3552 propor-

1783 3567 2143 3669 Q—{t—-lI-z—Q—g.
2168 3609 2255 3648 quae
2281 3609 2351 3635 ne.

1803 3696 1830 3734 S
1850 3696 2020 3797 μὲι-ἓ
2047 3695 2088 3739 Q
2108 3695 2158 3771 Q,
2180 3735 2353 3776 quaepro

1313 3818 1501 3856 descensu
1518 3822 1609 3863 erat,
1629 3813 1791 3865 positiva
1808 3812 1880 3860 sit;
1907 3818 1946 3849 et
1963 3817 2105 3849 contra.

1305 3108 1369 3140 tur
1382 3113 1479 3148 -ο,
1493 3113 1529 3147 o,
1548 3106 1573 3140 2
1584 3114 1620 3148 o,
1636 3101 1707 3139 erit
1720 3100 1933 3140 resistentia
1943 3108 1988 3139 ut

1310 3602 1464 3642 tionalis
1489 3599 1693 3652 quantitati
1710 3621 1764 3630 —-

1311 3731 1440 3783 gativa
1458 3736 1527 3777 est,
1548 3728 1579 3766 si
1598 3728 1702 3779 prior
1721 3728 1775 3780 -1-
