2502 4192
135 243 319 294 Lmen
350 241 628 303 Securum]
708 239 1110 292 PRINCIPIA
1160 238 1779 291 MATHEMATICA.
1840 306 1845 314 Ι

135 403 333 456 gl'eSSU.

2179 246 2284 296 287

411 384 549 435 Nam
576 383 767 435 lineola
791 384 1006 453 physica
1031 406 1047 433 ε
1073 406 1120 450 7,
1149 384 1532 453 quamprimum
1558 383 1625 434 ad
1650 383 1823 434 locum
1863 401 2015 433 suum
2055 384 2284 451 primum

133 476 361 538 redierit,
402 477 466 544 (¹¹)
495 476 751 545 quiescet3
790 495 958 545 neque
985 476 1228 543 deinceps
1266 475 1572 537 movebitur,
1612 475 1710 525 nisi
1737 474 1817 525 vel
1844 474 1909 524 ab
1935 475 2132 541 impetu
2170 493 2284 525 cor-

132 564 274 631 poris
301 563 521 625 tremuli,
552 564 632 614 vel
659 564 723 615 ab
750 565 945 631 impetu
972 564 1217 631 pulsuum
1244 564 1330 632 qui
1358 583 1388 613 a
1414 580 1634 630 corpore
1652 562 1881 622 ,tremulo
1906 573 2280 632 propagantur,

130 663 277 703 motu
302 670 437 702 novo
476 653 685 703 cieatur.

129 743 272 794 mulo
296 744 576 814 propagari
601 744 856 795 desinunt.

345 972 820 1026 PROPOSITIO
861 968 1134 1024 XLVIII.

763 653 1011 712 Quiescet
1046 652 1204 723 igitur
1241 652 1625 721 quamprimum
1660 651 1840 720 pulsus
1867 671 1897 703 a
1923 670 2141 719 corpore
2179 662 2282 703 tre-

1214 969 1669 1023 THEOREMA
1709 970 2050 1023 XXXVIII.

121 1119 362 1169 Pulsuum
400 1119 455 1167 in
472 1119 647 1187 fluido
673 1119 873 1168 elastico
900 1125 1298 1184 propagatorum
1324 1116 1605 1166 velocitates
1625 1123 1743 1165 'sunt
1780 1117 1834 1165 in
1859 1117 2060 1166 ratione
2083 1134 2276 1182 compo-

198 1205 293 1256 §itti
319 1224 379 1255 ex
403 1205 748 1271 subduplicatci
786 1204 984 1255 ratione
1018 1207 1093 1256 vis
1129 1206 1347 1255 elastz'cae
1384 1201 1571 1254 directe
1607 1211 1654 1253 et
1691 1202 2038 1269 subduplz'catc‘z'
2075 1207 2277 1255 ratione

193 1295 458 1344 densitatis
496 1292 687 1345 inverse*
705 1322 723 1351 ;
763 1296 808 1345 εἰ
833 1295 974 1344 modo
977 1294 1146 1364 fluidi
1171 1296 1244 1345 vis
1270 1294 1476 1343 elastz'ca
1502 1291 1710 1359 ejusdem
1737 1293 2118 1343 condensatiom'
2143 1311 2273 1359 pro-

181 1385 492 1451 portionalis
517 1402 616 1435 esse
639 1392 962 1451 supponatur.

193 1528 303 1578 Cas.
336 1535 381 1578 l.
425 1528 480 1579 Si
504 1527 676 1578 media
701 1527 803 1579 sint
827 1527 1168 1598 homogenea,
1205 1537 1257 1579 et
1292 1526 1537 1595 pulsuum
1574 1525 1832 1578 distantiae
1869 1525 1923 1576 in
1961 1526 2044 1577 his
2082 1526 2269 1578 mediis

116 1625 386 1684 aequentur
411 1615 546 1666 inter
572 1634 642 1677 se,
671 1615 763 1666 sed
788 1626 958 1666 motus
984 1616 1039 1665 in
1065 1633 1171 1666 uno
1197 1615 1370 1666 medio
1397 1615 1649 1672 intensior
1676 1615 1769 1666 sit:
1812 1616 2190 1666 contractiones
2217 1625 2271 1667 et

114 1703 438 1754 dilatationes
463 1704 687 1771 partium
713 1703 1049 1775 analogarum
1077 1706 1141 1774 (⁰)
1172 1710 1326 1755 erunt
1350 1714 1407 1755 ut
1431 1703 1591 1756 iidem
1616 1713 1805 1755 motus·
1870 1703 2136 1756 Accurata
2154 1706 2269 1775 qui-

171 1864 228 1915 (¹¹)
262 1867 283 1888 ¹¹⁹
322 1866 489 1907 Quiescet
502 1883 514 1907 ;
564 1878 686 1913 ‘neque
722 1866 893 1914 deinceps
933 1866 1154 1903 movebitur.

118 1916 417 1965 Quamprimum
437 1917 577 1954 lineola
592 1918 747 1966 physica
763 1933 774 1955 ε
791 1935 820 1967 ογ
832 1917 880 1955 ad
896 1918 1026 1955 locum
1040 1931 1156 1956 suum

113 1972 282 2019 primum
301 1970 463 2014 redierit,
494 1970 615 2018 ipsius
634 1971 812 2007 velocitas
830 1983 946 2020 quam
966 1970 1154 2017 ordinata,

112 2025 197 2067 mi,
232 2036 381 2071 semper
408 2023 566 2072 exponit
595 2024 735 2074 (Prop.
764 2023 1035 2061 XXXVIII.
1070 2024 1159 2062 Lib.

119 2077 176 2126 1.)
211 2077 484 2127 extinguetur;
524 2083 562 2114 et
594 2076 766 2126 ejusdem
804 2076 956 2114 lineolae
994 2076 1163 2115 densitas

114 2131 247 2180 visque
278 2130 431 2167 elastica
464 2130 598 2166 eadem
629 2130 699 2167 erit
726 2142 816 2166 cum
845 2129 1031 2168 densitate
1058 2138 1097 2167 et
1124 2131 1162 2167 vi

113 2182 268 2220 elastica
297 2183 414 2231 partis
445 2183 483 2220 E
508 2183 546 2220 G
572 2182 690 2219 medii
709 2182 963 2232 quiescentis3
993 2181 1161 2232 ideoque

112 2236 293 2285 quiescet,
327 2237 396 2274 διε.
457 2239 479 2261 *
505 2235 554 2274 Id
587 2235 708 2284 liquet
735 2248 781 2272 ex
801 2249 840 2272 n.
866 2241 927 2272 20.
953 2236 1159 2274 additionis

113 2298 255 2326 nostrae
273 2288 321 2326 de
343 2289 520 2326 Motibus
543 2289 583 2325 in
607 2287 941 2326 Fluido'Elastico
965 2290 1127 2327 Genitis.

168 2346 257 2379 316.
294 2342 357 2379 Ex
379 2342 437 2379 his
456 2341 688 2392 intelligitur
714 2340 912 2390 quomodo
939 2355 1007 2390 per
1033 2343 1157 2381 vibra-

112 2395 234 2432 tiones
253 2396 473 2432 isochronas
490 2395 657 2442 corporis
670 2394 884 2432 resonantis
898 2395 1160 2443 producantur

111 2448 153 2484 in
174 2448 258 2485 aiire
283 2448 419 2496 pulsus
445 2448 586 2498 quibus
606 2447 654 2485 ad
675 2460 807 2485 aurem
837 2448 1016 2496 appulsis,
1046 2449 1091 2487 fit
1116 2450 1158 2485 in

112 2502 222 2538 nobis
240 2501 433 2549 perceptio
452 2500 548 2546 soni,
579 2509 618 2538 et
636 2513 706 2538 cur
723 2500 821 2546 soni,
851 2509 1021 2539 cessante
1047 2510 1157 2539 motu

110 2553 279 2591 tremulo
297 2554 465 2603 corporis
484 2554 623 2599 sonori,
645 2553 771 2591 statim
793 2562 953 2592 cessent.
1013 2555 1157 2606 Liquet

112 2607 227 2644 etiam
247 2614 358 2644 tonos
377 2621 399 2644 a
418 2619 581 2644 numero
599 2606 784 2655 pulsuum
804 2607 872 2657 qui
892 2607 933 2644 in
952 2607 1038 2644 a‘e‘re
1057 2617 1153 2645 tem-

111 2672 204 2708 pore
231 2659 321 2697 dato
348 2660 577 2705 excitantur,
609 2659 787 2708 pendere,
821 2659 913 2698 cum
949 2663 1035 2711 (per
1067 2661 1153 2700 Cor.

114 2713 230 2761 Prop.
254 2712 390 2764 hujus)
420 2725 607 2750 numerus
630 2713 817 2762 pulsuum
837 2713 995 2763 aequalis
1013 2713 1061 2750 sit
1080 2726 1152 2751 nu-

110 2777 218 2802 mero
236 2766 493 2803 vibrationum
513 2779 561 2803 ex
581 2766 640 2803 itu
659 2774 700 2803 et
717 2765 843 2803 reditu
856 2767 1155 2814 compositarum

110 2830 205 2867 quas
223 2818 365 2856 chorda
383 2819 532 2856 musica
557 2818 719 2868 peragit,
750 2826 789 2855 et
814 2821 862 2856 ab
889 2820 964 2856 isto
991 2831 1155 2858 numero

109 2879 290 2908 tonorum
311 2870 506 2909 diversitas
524 2871 670 2910 oriatur
690 2871 819 2923 (508).

165 2928 255 2963 317.
291 2924 403 2962 Patet
417 2924 531 2961 etiam
547 2924 743 2974 quomodo
756 2924 853 2962 a‘e’ris
863 2925 998 2973 pulsus
1013 2938 1152 2963 sonum

109 2984 148 3014 et
166 2984 349 3015 tremores
367 2977 408 3014 iu
428 2977 513 3014 aliis
532 2978 755 3026 corporibus
772 2978 947 3015 unisonis
965 2987 1034 3016 aut
1060 2991 1151 3016 con-

110 3030 334 3068 sonantibus
352 3042 479 3068 creare
497 3032 656 3079 possint.
716 3030 821 3068 Nam
841 3029 929 3068 cum
950 3032 1045 3068 a'eris
1063 3033 1150 3080 pul-

109 3096 175 3120 sus
192 3083 232 3120 in
252 3095 412 3121 nervum
431 3084 625 3121 musicum
640 3082 801 3122 incurrit
817 3083 885 3133 qui
899 3085 1151 3123 vibrationem

107 3148 227 3174 unam
247 3149 294 3174 ex
313 3136 371 3175 itu
390 3144 429 3174 et
446 3136 572 3174 reditu
595 3136 844 3185 compositam
866 3137 1059 3175 absolvere
1083 3151 1149 3186 ap-

108 3195 172 3225 tus
199 3188 259 3233 sit,
295 3202 341 3227 eo
372 3196 543 3237 tempore
576 3202 654 3239 quo
681 3189 817 3238 pulsus
835 3203 944 3227 suam
964 3192 1150 3237 percurrit

107 3241 365 3285 latitudinem,
387 3251 652 3280 commovetur
665 3255 805 3279 nervus
823 3251 861 3280 et
878 3243 1074 3284 oscillatur
1083 3257 1153 3292 per·

108 3294 293 3345 exiguum
303 3295 392 3333 licet
401 3295 578 3344 spatium,
584 3304 621 3333 et
629 3296 909 3333 recurrentibus
918 3297 1026 3333 novis
1034 3304 1149 3346 atque

108 3347 416 3396 conspirantibus
447 3348 543 3385 a'elris
578 3348 755 3397 pulsibus
789 3348 950 3386 celerius
981 3357 1148 3399 agitatur

107 3412 324 3451 sonumque
342 3399 476 3437 reddit.
539 3401 594 3440 At
612 3401 642 3438 si
662 3414 801 3439 nervus
819 3402 1045 3439 vibrationes
1058 3415 1148 3440 suas

106 3452 275 3504 integras
292 3467 359 3491 seu
381 3466 426 3491 ex
443 3453 499 3491 itu
520 3463 558 3491 et
576 3453 702 3492 reditu
721 3455 949 3503 compositas
967 3455 1147 3504 perficere

107 3515 273 3556 nequeat
303 3519 381 3557 quo
412 3513 582 3554 tempore
613 3507 748 3555 pulsus
778 3508 875 3545 a'eris
901 3507 1145 3545 latitudinem

107 3555 216 3596 su'zun
235 3559 425 3605 describit,
456 3559 573 3607 possit
601 3567 729 3597 tamen
750 3560 788 3597 in
808 3569 934 3609 partes
960 3560 1147 3610 aliquotas

107 3611 333 3661 hujusmodi
353 3611 627 3650 vibrationibus
645 3613 872 3662 peragendis
886 3626 993 3661 aptas
1003 3614 1144 3661 dividi;

107 3673 234 3712 partes
269 3664 359 3711 illae,
398 3665 681 3715 quiescentibus
717 3666 947 3703 divisionum
980 3669 1144 3715 punctis,

107 3725 364 3765 congruenter
381 3718 428 3755 ad
449 3718 634 3767 pulsuum
652 3730 849 3756 recursum
870 3719 1008 3756 sensim
1026 3719 1145 3769 agita.-

107 3769 267 3815 buntur,
287 3770 590 3821 vibrationesque
608 3784 696 3809 suas
714 3784 804 3808 cum
824 3771 998 3819 pulsibus
1015 3773 1146 3809 uniso-

105 3834 175 3861 nas
193 3822 359 3873 singulae
377 3823 585 3872 perficient.
636 3824 675 3862 Si
694 3823 784 3879 vero
799 3824 904 3863 nervi
923 3827 1001 3863 duo
1020 3825 1146 3873 proxi-

1218 1862 1272 1901 mi
1293 1863 1331 1901 in
1351 1876 1413 1901 eas
1431 1870 1556 1912 partes
1574 1863 1763 1913 aliquotas
1784 1862 1903 1901 dividi
1922 1863 2069 1912 possint
2083 1876 2171 1914 quae
2190 1864 2267 1902 sint

1217 1918 1317 1953 iuter
1336 1930 1376 1954 se
1394 1918 1444 1953 ad
1464 1916 1686 1961 unisonum,
1716 1923 1783 1954 aut
1810 1916 1916 1966 quod
1944 1917 2045 1953 idem
2076 1925 2145 1963 est,
2174 1931 2264 1967 quae

1217 1970 1446 2007 vibrationes
1465 1970 1684 2006 isochronas
1704 1977 1900 2019 peragant,
1922 1978 1960 2006 et
1973 1970 2111 2006 horum
2129 1983 2265 2008 nervo-

1217 2036 1304 2059 rum
1334 2036 1437 2059 unus
1464 2023 1638 2071 pulsetur
1666 2035 1881 2072 sonumque
1915 2022 2015 2068 edat,
2050 2024 2155 2059 nervi
2184 2023 2265 2062 duo

1219 2089 1300 2113 sese
1319 2076 1358 2112 in
1387 2084 1513 2124 partes
1539 2087 1628 2112 suas
1655 2075 1844 2124 aliquotas
1873 2076 1992 2113 veluti
2020 2075 2191 2113 divident
2219 2086 2265 2115 ut

1218 2128 1268 2165 ad
1291 2129 1500 2166 unisonum
1528 2128 1773 2166 reducantur.
1838 2129 1894 2166 Ut
1913 2129 1942 2165 si
1962 2129 2134 2178 ejusdem
2154 2131 2264 2168 nervi

1218 2182 1420 2230 capiantur
1448 2190 1572 2230 partes
1591 2181 1679 2218 duae
1698 2194 1862 2231 quarum
1883 2182 1931 2219 sit
1950 2183 2046 2219 ratio
2066 2188 2089 2220 2
2109 2183 2158 2219 ad
2176 2188 2202 2221 5
2224 2192 2263 2221 et

1216 2235 1414 2284 aequaliter
1435 2235 1655 2280 tendantur,
1677 2235 1870 2284 alteraque
1889 2248 1974 2283 pars
1993 2235 2180 2283 pulsetur,
2202 2237 2261 2274 di-

1216 2287 1367 2326 videtur
1384 2288 1512 2325 minor
1530 2301 1671 2325 nervus
1689 2288 1729 2324 in
1745 2295 1871 2335 partes
1889 2288 1996 2333 duas,
2020 2295 2058 2325 et
2077 2290 2201 2340 major
2219 2290 2261 2327 in

1216 2348 1340 2388 partes
1357 2349 1434 2378 tres
1453 2341 1617 2391 aequales
1637 2354 1723 2390 quae
1742 2340 1907 2391 singulae
1926 2342 2081 2379 seorsim
2108 2343 2260 2380 oscilla-

1215 2395 1373 2431 buntur.
1435 2395 1540 2432 Nam
1571 2395 1719 2431 brevior
1751 2407 1890 2431 nervus
1919 2394 2084 2431 duarum
2120 2408 2259 2445 nempe

1215 2447 1395 2495 partium,
1425 2455 1482 2485 ter
1500 2447 1710 2485 oscillando
1729 2447 1824 2485 dum
1844 2459 1983 2485 nervus
2002 2448 2154 2498 longior
2171 2462 2258 2497 par.

1214 2500 1313 2537 tium
1332 2500 1462 2546 trium,
1484 2500 1581 2538 duas
1599 2500 1855 2538 oscillationes
1874 2500 2034 2538 absolvit
2050 2503 2166 2552 (306)
2181 2503 2259 2540 fre-

1212 2553 1430 2602 quentiores
1450 2555 1488 2590 in
1509 2554 1594 2591 a‘ere
1608 2553 1743 2601 pulsus
1761 2553 1900 2591 excitat
1913 2566 2078 2603 quorum
2099 2567 2257 2593 recursu

1212 2618 1353 2643 nervus
1380 2607 1532 2657 longior
1559 2606 1672 2644 citius
1699 2605 1815 2656 quam
1836 2620 1905 2654 par
1923 2617 1979 2644 est
1997 2608 2187 2657 agitatur3
2217 2618 2256 2646 et

1213 2671 1302 2696 cum
1336 2659 1535 2710 utriusque
1562 2660 1667 2697 nervi
1695 2660 1866 2709 a'e’risque
1884 2664 2014 2696 motus
2042 2673 2254 2711 congruere

1212 2724 1291 2749 non
1309 2713 1456 2760 possint
1475 2713 1545 2749 nisi
1566 2712 1730 2763 singulae
1750 2725 1953 2750 nervorum
1969 2722 2095 2762 partes
2106 2714 2255 2765 aliquo-

1211 2771 1260 2802 tae
1293 2773 1331 2803 et
1361 2766 1527 2815 oequales
1556 2767 1713 2803 seorsim
1745 2766 1980 2812 oscillentur,
2018 2775 2150 2804 motus
2186 2768 2252 2805 ille

1211 2818 1431 2866 conspirans
1454 2827 1532 2857 tam
1553 2819 1592 2856 in
1612 2819 1737 2856 nervis
1763 2817 1881 2868 quam
1908 2819 1949 2856 in
1977 2819 2063 2857 a'cire
2092 2820 2251 2858 tandem

1208 2871 1447 2918 producitur.
1507 2873 1563 2910 Et
1597 2873 1681 2910 haec
1717 2872 1873 2921 quidem
1905 2871 1945 2908 in
1979 2873 2251 2920 experimentis

1207 2925 1364 2962 musicis
1383 2923 1437 2961 ita
1458 2925 1682 2974 contingere
1701 2928 1950 2962 observarunt
1968 2926 2083 2964 Joan.
2109 2926 2248 2965 wallis

1210 2977 1385 3025 Operum
1405 2978 1445 3015 in
1464 2979 1529 3016 fol.
1557 2979 1670 3016 Tom.
1697 2979 1757 3016 II.
1782 2991 1869 3028 pag.
1892 2983 1982 3016 466.
2035 2978 2091 3016 Et
2109 2978 2249 3018 deinde

1210 3031 1406 3068 Acusticae
1438 3033 1670 3070 instaurator
1704 3032 1758 3069 D.
1786 3032 1959 3068 sauveur
1985 3031 2026 3068 in
2061 3032 2243 3071 Monum-

1209 3084 1333 3121 Acad.
1361 3084 1480 3122 Paris.
1504 3097 1565 3122 au.
1593 3088 1707 3123 1701.
1729 3084 1796 3122 ubi
1815 3085 1890 3122 alia
1908 3085 2169 3132 experimenta
2186 3099 2248 3124 re-

1205 3136 1280 3175 fert
1310 3150 1397 3187 quae
1425 3151 1469 3175 ex
1499 3137 1689 3186 praedictis
1707 3137 1821 3175 facile
1849 3145 2009 3186 possunt
2040 3138 2246 3187 explicari3

1209 3192 1229 3213 ⁴*
1251 3197 1289 3227 et
1306 3192 1396 3229 inde
1422 3190 1719 3241 ingeniosissimi
1747 3192 1960 3240 systematis
1986 3190 2035 3229 de
2056 3200 2244 3229 ¹tonorum

1206 3242 1455 3291 productione
1483 3251 1523 3281 et
1550 3242 1753 3281 harmonia
1780 3243 2034 3282 fundamenta
2062 3243 2246 3284 derivavit

1204 3295 1258 3333 ill.
1287 3296 1336 3334 de
1364 3297 1520 3334 Mairan
1557 3297 1665 3334 omni
1693 3296 1809 3334 laude
1840 3298 2022 3344 superior,
2061 3298 2166 3347 quod
2192 3299 2243 3336 ad

1203 3350 1350 3396 praxim
1386 3348 1607 3387 felicissime
1636 3350 1827 3388 revocavit
1854 3349 1912 3387 vir
1940 3350 2042 3389 inter
2072 3351 2242 3389 eruditos

1206 3402 1383 3451 Orpheos
1400 3402 1680 3441 illustrissimus
1701 3403 1756 3441 D.
1782 3403 1970 3442 Rameau.

1256 3455 1312 3504 (⁰)
1335 3459 1356 3479 ¹*
1379 3458 1515 3494 Erunt
1533 3463 1579 3494 ut
1596 3457 1708 3494 iidem
1724 3464 1863 3495 motus.
1913 3457 2050 3495 Motus
2068 3456 2171 3494 enim
2184 3456 2239 3494 illi

1202 3516 1293 3545 sunt
1312 3508 1370 3545 vel
1389 3521 1515 3545 causae
1533 3508 1594 3546 vel
1613 3509 1772 3547 effectus
1799 3511 2067 3548 contractionis
2086 3518 2124 3547 et
2142 3510 2239 3548 dila-

1201 3561 1355 3598 tationis
1384 3561 1550 3610 partium
1578 3562 1619 3598 in
1648 3562 1822 3610 pulsibus
1839 3562 2233 3611 correspondentium.

1205 3613 1306 3650 Haec
1324 3622 1455 3651 tamen
1474 3614 1669 3662 proportio
1696 3623 1871 3653 accurata
1890 3628 1968 3652 non
1987 3624 2056 3659 est,
2087 3615 2118 3652 si
2145 3628 2238 3653 con-

1201 3667 1404 3704 tractiones
1416 3674 1453 3704 et
1467 3667 1706 3706 dilatationes
1717 3669 1794 3706 sint
1804 3668 1914 3706 valde
1928 3668 2237 3719 intensae,quem-

1202 3719 1412 3756 admodum
1440 3720 1471 3756 si
1499 3720 1640 3758 chorda
1665 3722 1810 3759 musica
1839 3720 1959 3758 nimia
1986 3721 2022 3758 vi
2049 3722 2236 3770 pulsetur,

1202 3772 1258 3809 vis
1289 3772 1428 3809 motrix
1460 3773 1735 3821 particularum
1764 3774 1849 3824 ejus
1876 3787 1955 3811 non
1985 3781 2042 3812 est
2072 3775 2238 3823 amplius

1201 3825 1491 3874 proportionalis
1514 3826 1642 3876 spatiis
1669 3839 1737 3876 per
1761 3839 1849 3877 quae
1876 3827 1988 3865 debet
2014 3829 2174 3876 moveri,
2199 3836 2239 3866 et
