2502 4192
221 274 325 321 292
763 262 1329 318 PHILOSOPHIAE
1368 260 1818 335 NATURALIS
1918 261 2095 325 [Mor.
2126 262 2366 314 Gomon.

296 412 460 463 Corol.
489 417 538 461 2.
601 409 759 462 Unde
797 426 915 460 cum
952 406 1173 458 altitudo
1211 405 1298 456 illa
1324 405 1375 455 A
1400 405 1466 456 sit
1494 413 1548 455 ut
1571 404 1720 455 fluidi
1745 404 1821 456 vis
1847 405 2054 456 elastica
2090 405 2281 458 directe
2315 416 2367 457 et

221 501 445 552 densitas
471 500 700 569 ejusdem
729 495 929 549 inverse
945 516 959 559 3
999 497 1065 565 (¹³)
1094 494 1337 547 velocitas
1362 494 1608 562 pulsuum
1645 493 1741 544 erit
1765 493 1820 543 in
1845 493 2043 545 ratione
2081 495 2364 563 composita

222 609 289 642 ex
315 586 670 658 subduplicata
696 586 895 638 ratione
921 584 1188 638 densitatis
1225 581 1426 635 inverse
1452 592 1504 635 et
1528 580 1886 650 subduplicata
1911 582 2109 636 ratione
2134 583 2209 635 vis
2236 584 2367 636 elas-

222 682 337 732 ticae
371 677 578 732 directe.

657 885 1129 940 PROPOSITIO
1169 886 1234 939 L.
1312 885 1745 939 PROBLEMA
1784 886 1920 952 XII.

888 1032 1125 1083 Invenire
1140 1033 1370 1098 pulsuum
1396 1032 1682 1084 distantias·

297 1174 561 1244 CorporiS,
603 1175 745 1243 cujus
780 1183 1006 1225 tremore
1044 1173 1226 1243 pulsus
1265 1174 1570 1238 excitantur,
1609 1174 1900 1227 inveniatur
1925 1193 2170 1227 numerus
2195 1174 2365 1225 vibra-

223 1267 421 1318 tionum
447 1267 569 1318 dato
595 1277 843 1335 tempore.
921 1267 1024 1318 Per
1047 1285 1323 1320 numerum
1359 1269 1504 1322 illum
1542 1269 1802 1323 dividatur
1837 1271 2060 1340 spatium
2086 1270 2225 1340 quod
2250 1269 2365 1338 pul-

224 1375 309 1408 sus
337 1356 521 1408 eodem
547 1365 781 1423 tempore
805 1373 1108 1425 percurrere
1131 1357 1310 1427 possit,
1354 1367 1404 1411 et
1427 1377 1548 1428 pars
1568 1359 1776 1411 inventa
1802 1360 1864 1428 (⁰)
1891 1360 1988 1412 erit
2010 1359 2187 1429 pulsus
2214 1358 2365 1410 unius

225 1444 458 1497 latitudo.
537 1443 605 1505 Q.
634 1462 677 1496 e.
706 1444 738 1495 i.

1165 1656 1424 1709 scholium.

303 1797 548 1865 Spectant
572 1796 957 1865 Propositiones
983 1797 1276 1849 novissimae
1293 1799 1359 1850 ad
1385 1808 1583 1852 motum
1607 1800 1737 1852 lucis
1763 1812 1815 1853 et
1840 1819 2102 1853 sonorum.
2161 1803 2225 1871 (P)
2246 1803 2366 1854 Lux

229 1887 365 1938 euim
392 1885 853 1958 cum'propagetur
880 1887 1164 1940 secundum
1189 1889 1350 1942 lineas
1376 1899 1559 1955 rectaS,
1598 1891 1651 1942 in
1678 1892 1879 1944 actione
1905 1892 2013 1944 sola
2054 1897 2167 1962 (per
2208 1895 2365 1962 Prop.

229 2049 590 2088 circumferentiam.
636 2050 768 2095 Quare
784 2049 875 2088 cum
888 2050 1110 2089 velocitates
1122 2051 1272 2090 unifor-

230 2116 311 2140 mes
347 2103 423 2140 sint
454 2111 499 2140 ut
530 2103 652 2151 spatia
688 2103 826 2141 eodem
860 2112 1035 2152 tempore
1071 2105 1271 2153 descripta,

230 2156 364 2204 pulsus
381 2154 471 2194 vero
491 2156 644 2205 propria
673 2156 873 2194 velocitate
892 2157 1071 2207 aequabili
1095 2158 1271 2207 periphe-

1326 2064 1422 2102 quas
1455 2065 1593 2101 corpus
1625 2065 1809 2091 sonorum
1838 2053 1974 2092 eodem
2006 2062 2178 2104 tempore
2206 2057 2364 2105 perficit,

1326 2105 1532 2152 dividatur,
1552 2116 1695 2156 quotus
1712 2108 1785 2145 erit
1802 2107 1937 2156 pulsfis
1955 2109 2073 2146 unius
2086 2109 2259 2148 latitudo.
2291 2111 2367 2149 Sed

1326 2158 1416 2196 dato
1446 2172 1553 2204 sono,
1591 2173 1777 2197 numerus
1813 2161 2071 2199 vibrationum
2104 2176 2199 2212 quas
2227 2176 2367 2212 corpus

231 2209 326 2246 riam
356 2208 489 2246 circuli
516 2209 623 2247 radio
647 2209 684 2247 A
705 2210 888 2258 descripti
918 2217 1089 2259 tempore
1122 2211 1272 2248 oscilla-

233 2262 348 2299 tionis
376 2262 494 2299 unius
520 2275 567 2299 ex
595 2262 653 2300 itu
673 2269 712 2299 et
730 2262 856 2300 reditu
877 2264 1099 2311 compositae
1118 2276 1274 2313 percur-

232 2323 302 2358 rat,
323 2322 360 2352 et
379 2327 493 2365 grave
511 2327 603 2352 cum
624 2315 812 2353 uniformi
831 2316 1043 2362 velocitate,
1065 2329 1182 2366 quam
1209 2330 1273 2355 ac-

233 2367 383 2417 quirere
402 2375 528 2416 potest
546 2367 720 2406 cadendo
734 2381 801 2417 per
815 2367 1016 2407 dimidiam
1028 2370 1274 2408 altitudinem

239 2422 291 2466 A,
313 2421 448 2458 eodem
467 2429 638 2469 tempore
657 2422 761 2459 idem
776 2422 943 2470 spatium
962 2423 1171 2470 describat;
1203 2437 1270 2472 pa-

235 2481 291 2512 tet
305 2474 521 2518 velocitates
533 2474 619 2512 illas
636 2475 772 2524 pulsus
790 2482 828 2512 et
845 2476 971 2525 gravis
992 2489 1072 2515 esse
1090 2477 1266 2526 aequales.

292 2526 348 2577 (¹²)
372 2530 391 2550 ³¹⁶
424 2529 599 2566 Velocitas
621 2531 806 2577 pulsuum
834 2531 916 2574 erit,
950 2530 1019 2566 διο.
1080 2529 1274 2567 Velocitas

237 2580 435 2627 pulsuum,
469 2589 515 2618 ut
541 2589 630 2628 pote
658 2580 814 2631 aequalis
836 2583 920 2632 (per
943 2582 1029 2620 Cor.
1058 2583 1113 2631 1.)
1135 2582 1272 2620 veloci-

239 2633 306 2669 tati
321 2645 436 2681 quam
452 2634 579 2683 gravia
594 2647 661 2682 per
679 2633 878 2671 dimidiam
893 2634 1138 2673 altitudinem
1159 2636 1197 2672 A
1210 2648 1272 2673 ca-

239 2684 366 2722 dendo
386 2686 600 2735 acquirunt,
630 2695 687 2724 est
705 2686 746 2724 in
765 2687 911 2725 ratione
930 2687 1198 2737 subduplicata
1214 2688 1271 2727 al-

240 2737 414 2775 titudinis
440 2738 543 2776 illius
565 2740 601 2776 A
622 2742 702 2791 (28.
730 2740 817 2777 Lib.
845 2740 929 2790 1.);
957 2741 1028 2779 sed.
1050 2741 1214 2780 altitudo
1237 2742 1275 2780 A

240 2790 356 2827 medii
377 2792 621 2843 homogenei,
643 2793 754 2843 cujus
771 2793 940 2831 densitas
957 2794 1092 2833 eadem
1110 2802 1167 2833 est
1184 2807 1274 2832 cum

241 2843 426 2881 densitate
454 2844 572 2882 medii
607 2846 642 2883 E
675 2846 713 2883 G
741 2853 780 2883 et
808 2846 960 2895 pondus
990 2848 1032 2885 in
1062 2847 1275 2897 aequilibrio

242 2908 333 2934 cum
364 2897 538 2947 ejusdem
564 2898 684 2936 medii
704 2899 741 2936 E
768 2899 805 2937 G
834 2899 872 2936 vi
900 2899 1066 2946 clastica,
1095 2908 1276 2939 manente

243 2949 428 2988 densitate
446 2958 502 2988 est
521 2958 565 2988 ut
578 2950 731 2999 pondus
745 2964 812 2989 seu
823 2959 868 2990 ut
881 2952 937 2989 vis
951 2954 1104 2992 elastica
1122 2952 1273 2998 directe,

243 3009 283 3039 et
301 3011 480 3041 manente
497 3004 534 3040 vi
553 3002 707 3042 elastica
733 3017 802 3042 seu
828 3006 996 3053 pondere
1014 3014 1071 3044 est
1088 3014 1132 3045 ut
1150 3006 1277 3044 densi-

245 3060 302 3092 tas
331 3055 489 3102 inverse,
518 3056 609 3105 quia
636 3057 801 3095 densitas
819 3065 877 3096 est
895 3072 1044 3108 semper
1063 3068 1107 3097 ut
1124 3059 1278 3108 pondus

245 3105 386 3146 directe
416 3117 455 3146 et
484 3109 666 3147 volumen
698 3123 767 3148 seu
798 3111 960 3150 altitudo
983 3113 1020 3149 A
1039 3112 1210 3160 inverse3
1240 3120 1279 3151 et

247 3168 445 3209 propterea
476 3162 691 3213 conjunctis
718 3164 779 3200 his
805 3164 1016 3203 rationibus
1040 3165 1204 3203 altitudo
1239 3167 1277 3203 A

248 3220 307 3250 est
337 3226 483 3262 semper
501 3215 541 3252 in
559 3215 705 3254 ratione
736 3215 946 3266 composita
975 3231 1022 3255 ex
1049 3218 1197 3256 ratione
1222 3218 1280 3256 vis

248 3264 413 3303 elasticae
448 3266 588 3306 directe
624 3276 662 3307 et
696 3269 842 3307 ratione
874 3270 1072 3309 densitatis
1114 3270 1275 3310 inverse.

254 3318 388 3362 Quare
406 3319 584 3358 velocitas
602 3321 786 3370 pulsuum
805 3322 878 3361 erit
894 3324 935 3360 in
956 3324 1102 3362 ratione
1120 3337 1276 3374 compo-

250 3369 320 3408 sita
342 3384 389 3408 ex
409 3371 676 3421 subduplicata
693 3375 839 3413 ratione
867 3375 1062 3415 densitatis
1080 3377 1226 3416 inverse
1244 3385 1282 3416 et

250 3422 518 3473 subduplicata
535 3426 679 3466 ratione
693 3427 749 3465 vis
766 3428 929 3467 elasticae
947 3429 1100 3468 directe.

307 3477 363 3525 (⁰)
387 3481 407 3501 ⁴*
431 3480 519 3516 Eric
545 3481 679 3528 pulsus
706 3483 825 3520 unius
854 3484 1024 3521 latitudo.
1082 3484 1279 3528 Quoniam

250 3528 386 3577 pulsus
421 3543 555 3568 omnes
585 3531 767 3570 uniformi
799 3546 888 3571 cum
920 3535 1117 3575 velocitate
1145 3550 1281 3586 propa-

251 3589 395 3632 gantur
423 3585 488 3634 (ex
515 3582 616 3622 dem.
642 3584 760 3634 Prop.
783 3587 998 3627 XLVIII.
1027 3596 1065 3625 et
1094 3590 1280 3639 XLIX.)

252 3642 291 3672 et
308 3641 364 3673 tot
382 3636 517 3684 pulsus
534 3636 703 3687 aequales
724 3639 989 3686 producuntur
1006 3641 1047 3678 iu
1066 3642 1163 3689 a'e're,
1191 3651 1286 3693 quot

253 3695 343 3725 sunt
372 3689 538 3737 corporis
564 3689 719 3727 tremuli
747 3691 973 3730 vibrationes
998 3695 1209 3733 isochronae
1236 3709 1283 3733 ex

252 3738 308 3777 itu
323 3748 360 3778 et
371 3743 496 3779 reditu
508 3743 724 3790 compositae
735 3746 818 3793 (per
830 3745 916 3782 Cor.
932 3747 1041 3795 Prop.
1053 3748 1261 3796 XLVII.)
1273 3763 1285 3795 ;

253 3791 284 3827 si
304 3794 469 3841 spatium
501 3796 605 3845 quod
631 3796 768 3845 pulsus
785 3809 854 3834 seu
873 3810 991 3836 sonus
1009 3800 1097 3837 dato
1116 3809 1287 3850 tempore

254 3855 472 3892 percurrere
506 3848 637 3897 possit,
670 3861 744 3890 per
778 3861 986 3889 numerum
1016 3852 1285 3902 vibrationum,

1326 2224 1511 2249 sonorum
1543 2213 1633 2251 dato
1664 2219 1836 2262 tempore
1864 2215 2026 2264 peragit,
2059 2215 2253 2253 invenitur
2281 2221 2367 2267 (per

1327 2265 1513 2302 formulas
1533 2271 1622 2313 303,
1645 2266 1768 2314 304).;
1798 2267 1828 2304 si
1849 2266 2032 2305 nimirum
2060 2269 2201 2306 chorda
2220 2271 2367 2307 musica

1327 2318 1376 2356 ad
1395 2319 1608 2356 unisonum
1636 2320 1699 2357 vel
1729 2320 1778 2357 ad
1803 2327 1938 2357 notam
1964 2322 2255 2359 consonantiam
2275 2336 2365 2360 cum

1327 2384 1423 2408 sono
1441 2371 1532 2409 dato
1549 2371 1765 2411 reducatur.
1824 2373 1929 2412 cum
1957 2374 2062 2411 enim
2089 2382 2270 2413 tonorum
2289 2376 2366 2413 dif-

1325 2425 1485 2462 ferentia
1502 2438 1526 2463 a
1543 2437 1706 2464 numero
1733 2425 1988 2464 vibrationum
2021 2440 2116 2478 quas
2142 2441 2280 2476 corpus
2307 2442 2366 2467 re-

1325 2489 1465 2515 sonum
1496 2477 1586 2516 dato
1617 2486 1790 2527 tempore
1820 2480 1993 2526 absolvit,
2027 2480 2192 2528 pendeat
2212 2484 2307 2533 (308
2327 2489 2366 2520 et

1325 2530 1450 2580 512);
1478 2530 1596 2568 iidem
1615 2532 1697 2569 toni
1715 2531 1851 2570 eodem
1869 2533 2126 2571 vibrationum
2146 2534 2365 2572 isochrona-

1326 2596 1416 2621 rum
1453 2595 1617 2622 numero
1657 2584 1937 2633 producuntur.
1993 2587 2145 2624 Notum
2181 2587 2272 2626 vero
2308 2596 2366 2626 est

1327 2637 1496 2685 spatium
1530 2636 1637 2687 quod
1672 2650 1790 2676 sonus
1834 2638 1924 2677 dato
1967 2646 2141 2688 tempore
2185 2639 2365 2679 describit

1346 2690 1455 2738 518).
2350 2704 2354 2706 *

1328 2692 1343 2742 (
1383 2742 1567 2793 Exempli
1585 2742 1711 2788 causa,
1733 2743 1766 2781 si
1784 2756 1901 2782 sonus
1915 2745 2090 2783 omnium
2105 2746 2361 2794 acutissimus,

1327 2808 1445 2846 quem
1472 2797 1664 2845 possimus
1694 2796 1940 2848 distinguere,
1973 2799 2246 2837 vibrationibus
2265 2801 2364 2838 inte-

1328 2849 1408 2899 gris
1429 2854 1534 2888 6400
1551 2857 1723 2898 tempore
1741 2851 1882 2889 minuti
1896 2850 2015 2889 unius
2032 2853 2189 2890 secundi
2210 2853 2363 2891 absolu-

1328 2903 1377 2940 tis
1394 2902 1635 2951 producatur,
1666 2911 1704 2941 et
1728 2904 1903 2941 omnium
1922 2904 2168 2955 gravissimus
2185 2906 2363 2944 vibratio-

1329 2955 1444 2993 nibus
1466 2956 1543 3007 1Ξῆ
1563 2956 1761 3003 excitetur,
1781 2957 1839 2995 uti
1862 2958 1916 2995 D.
1943 2958 2114 2996 Sauveur
2127 2959 2166 2995 in
2188 2959 2364 2998 Historia

1334 3008 1456 3047 Acad.
1492 3009 1631 3048 Scient.
1667 3010 1787 3048 Paris.
1820 3023 1882 3048 an.
1910 3014 2020 3049 1700.
2049 3011 2251 3050 arbitratus
2281 3018 2361 3060 est;

1331 3061 1457 3099 divide
1493 3062 1659 3111 spatium
1699 3067 1812 3100 1142.
1847 3062 1990 3111 pedum
2039 3064 2359 3109 Londinensium‚

1330 3115 1435 3165 quod
1462 3128 1579 3153 sonus
1606 3122 1777 3164 tempore
1803 3116 1943 3155 minuti
1962 3117 2078 3154 unius
2095 3117 2252 3155 secundi
2272 3130 2363 3155 con-

1331 3168 1423 3212 ficit,
1453 3181 1521 3217 per
1538 3181 1720 3207 numeros
1748 3174 1862 3207 6400.
1894 3176 1933 3207 et
1963 3169 2039 3220 12}
2073 3169 2294 3216 successive,
2325 3177 2365 3209 et

1333 3221 1453 3271 quoti,
1487 3221 1662 3259 videlicet
1692 3221 1804 3273 digiti
1835 3227 1871 3266 2,
1905 3226 1966 3268 14,
1996 3229 2034 3260 et
2060 3222 2176 3271 pedes
2204 3227 2266 3269 91,
2294 3227 2361 3268 36,

1333 3282 1446 3311 erunt
1464 3274 1684 3312 latitudines
1703 3274 1899 3323 pulsuum,
1928 3275 2068 3326 quibus
2086 3276 2170 3314 soni
2188 3275 2363 3315 acutissi-

1331 3339 1419 3364 mus
1437 3335 1475 3365 et-
1492 3327 1737 3378 gravissimus
1754 3327 2030 3377 producuntur.

1389 3380 1446 3431 (⁹)
1470 3384 1489 3405 ¹⁵
1512 3383 1603 3420 Lux
1633 3383 1736 3420 enim
1767 3381 1855 3420 etim
1888 3382 2119 3432 propagetur·
2152 3380 2363 3421 secundam

1333 3434 1452 3472 lineas
1471 3442 1598 3479 rectas,
1619 3441 1657 3472 et
1674 3434 1905 3483 interpositis
1922 3436 2143 3484 corporibus
2160 3435 2288 3483 opacis
2304 3435 2365 3472 in-

1334 3486 1564 3535 tercipiatur,
1580 3487 1621 3524 in
1635 3488 1784 3525 actione
1797 3487 1891 3535 sola,
1904 3501 1971 3525 seu
1986 3488 2189 3537 pressione,
2208 3494 2365 3526 motuve

1334 3551 1402 3588 per
1419 3540 1591 3577 medium
1618 3541 1816 3590 quodlibet
1843 3541 2004 3579 fluidum
2024 3548 2245 3591 propagate,
2272 3553 2366 3578 con-

1336 3592 1466 3630 sistere
1485 3593 1641 3642 nequit;
1660 3593 1750 3644 quia
1768 3595 1909 3642 pressio
1923 3603 1961 3632 et
1972 3602 2099 3632 motus
2113 3606 2180 3642 per
2193 3592 2367 3630 medium

1338 3657 1453 3682 omne
1472 3644 1634 3683 fluidum
1663 3656 1873 3698 propagata
1899 3646 2102 3697 divergunt
2120 3660 2143 3683 a
2161 3655 2264 3683 recto
2292 3653 2368 3683 tra-

1338 3697 1431 3735 mite
1449 3698 1488 3735 in
1508 3699 1628 3746 spatia
1646 3699 1805 3738 immota
1822 3707 1861 3737 et
1878 3712 1977 3748 pone
1991 3699 2186 3737 obstacula
2204 3698 2369 3736 circum-

1340 3762 1490 3800 quaque
1517 3751 1803 3799 diffunduntur,
1830 3765 1897 3802 per
1928 3749 2041 3801 Prop.
2060 3751 2203 3792 citatas.
2266 3749 2370 3789 Cum

1339 3802 1460 3852 igitur
1477 3804 1611 3841 lumen
1629 3804 1677 3843 sit
1694 3818 1843 3853 corpus,
1872 3813 1917 3842 ut
1935 3812 2022 3853 pote
2036 3813 2143 3842 motu
2164 3803 2371 3854 progressi-

1340 3868 1388 3893 vo
1399 3857 1616 3905 praeditum,
1630 3860 1676 3897 ab
1687 3858 1892 3896 obstaculis
1902 3856 2087 3896 reflexum
2099 3866 2137 3896 et
2150 3857 2371 3902 refractum,
