<?xml version="1.0" encoding="UTF-8"?>
<!DOCTYPE html PUBLIC "-//W3C//DTD XHTML 1.0 Transitional//EN"
    "http://www.w3.org/TR/xhtml1/DTD/xhtml1-transitional.dtd">
<html xmlns="http://www.w3.org/1999/xhtml" xml:lang="en" lang="en">
 <head>
  <title>
</title>
<meta http-equiv="Content-Type" content="text/html;charset=utf-8" />
  <meta name='ocr-system' content='tesseract 3.04.00' />
  <meta name='ocr-capabilities' content='ocr_page ocr_carea ocr_par ocr_line ocrx_word'/>
</head>
<body>
  <div class='ocr_page' id='page_1' title='image "./philonatrualprin02newtrich_0249.png"; bbox 0 0 2502 4192; ppageno 0'>
   <div class='ocr_carea' id='block_1_1' title="bbox 149 257 1750 335">
    <p class='ocr_par' dir='ltr' id='par_1_1' title="bbox 149 257 1750 335">
     <span class='ocr_line' id='line_1_1' title="bbox 149 257 1750 335; baseline -0.01 -11"><span class='ocrx_word' id='word_1_1' title='bbox 149 273 333 324; x_wconf 69' lang='lat' dir='ltr'>ann</span> <span class='ocrx_word' id='word_1_2' title='bbox 362 273 631 335; x_wconf 56' lang='lat' dir='ltr'>Securum]</span> <span class='ocrx_word' id='word_1_3' title='bbox 687 265 1089 320; x_wconf 87' lang='lat' dir='ltr'><strong>PRINCIPIA</strong></span> <span class='ocrx_word' id='word_1_4' title='bbox 1129 257 1750 316; x_wconf 87' lang='lat' dir='ltr'>MATHEMATICA.</span> 
     </span>
    </p>
   </div>
   <div class='ocr_carea' id='block_1_2' title="bbox 2188 259 2292 318">
    <p class='ocr_par' dir='ltr' id='par_1_2' title="bbox 2188 259 2292 318">
     <span class='ocr_line' id='line_1_2' title="bbox 2188 259 2292 318; baseline 0.01 -12"><span class='ocrx_word' id='word_1_5' title='bbox 2188 259 2292 318; x_wconf 79' lang='lat'>237</span> 
     </span>
    </p>
   </div>
   <div class='ocr_carea' id='block_1_3' title="bbox 146 393 2297 934">
    <p class='ocr_par' dir='ltr' id='par_1_3' title="bbox 146 393 2296 656">
     <span class='ocr_line' id='line_1_3' title="bbox 146 393 2296 476; baseline -0.009 -12"><span class='ocrx_word' id='word_1_6' title='bbox 146 422 205 464; x_wconf 89' lang='lat' dir='ltr'>ut</span> <span class='ocrx_word' id='word_1_7' title='bbox 229 422 281 464; x_wconf 89' lang='lat' dir='ltr'>et</span> <span class='ocrx_word' id='word_1_8' title='bbox 304 411 555 462; x_wconf 88' lang='lat' dir='ltr'>densitate</span> <span class='ocrx_word' id='word_1_9' title='bbox 580 409 727 459; x_wconf 89' lang='lat' dir='ltr'>fluidi</span> <span class='ocrx_word' id='word_1_10' title='bbox 754 407 1036 476; x_wconf 84' lang='lat' dir='ltr'>compressi</span> <span class='ocrx_word' id='word_1_11' title='bbox 1063 402 1370 475; x_wconf 88' lang='lat' dir='ltr'>quiescentis</span> <span class='ocrx_word' id='word_1_12' title='bbox 1397 402 1450 452; x_wconf 92' lang='lat' dir='ltr'>in</span> <span class='ocrx_word' id='word_1_13' title='bbox 1475 418 1580 470; x_wconf 92' lang='lat' dir='ltr'>quo</span> <span class='ocrx_word' id='word_1_14' title='bbox 1616 397 1801 469; x_wconf 86' lang='lat' dir='ltr'>globus</span> <span class='ocrx_word' id='word_1_15' title='bbox 1835 405 2103 455; x_wconf 85' lang='lat' dir='ltr'>movetur3</span> <span class='ocrx_word' id='word_1_16' title='bbox 2142 393 2296 445; x_wconf 88' lang='lat' dir='ltr'>datur</span> 
     </span>
     <span class='ocr_line' id='line_1_4' title="bbox 147 481 2295 566; baseline -0.01 -14"><span class='ocrx_word' id='word_1_17' title='bbox 147 502 214 553; x_wconf 87' lang='lat' dir='ltr'>ad</span> <span class='ocrx_word' id='word_1_18' title='bbox 239 519 392 551; x_wconf 90' lang='lat' dir='ltr'>omne</span> <span class='ocrx_word' id='word_1_19' title='bbox 417 509 622 566; x_wconf 87' lang='lat' dir='ltr'>tempus</span> <span class='ocrx_word' id='word_1_20' title='bbox 649 508 700 549; x_wconf 90' lang='lat' dir='ltr'>et</span> <span class='ocrx_word' id='word_1_21' title='bbox 725 497 966 549; x_wconf 86' lang='lat' dir='ltr'>velocitas</span> <span class='ocrx_word' id='word_1_22' title='bbox 1004 495 1148 566; x_wconf 84' lang='lat' dir='ltr'>globi</span> <span class='ocrx_word' id='word_1_23' title='bbox 1173 504 1224 544; x_wconf 89' lang='lat' dir='ltr'>et</span> <span class='ocrx_word' id='word_1_24' title='bbox 1249 493 1359 561; x_wconf 88' lang='lat' dir='ltr'>ejus</span> <span class='ocrx_word' id='word_1_25' title='bbox 1385 488 1676 541; x_wconf 82' lang='lat' dir='ltr'>resistentia</span> <span class='ocrx_word' id='word_1_26' title='bbox 1701 496 1753 537; x_wconf 90' lang='lat' dir='ltr'>et</span> <span class='ocrx_word' id='word_1_27' title='bbox 1777 484 2001 553; x_wconf 88' lang='lat' dir='ltr'>spatium</span> <span class='ocrx_word' id='word_1_28' title='bbox 2026 483 2092 533; x_wconf 88' lang='lat' dir='ltr'>ab</span> <span class='ocrx_word' id='word_1_29' title='bbox 2117 501 2179 534; x_wconf 94' lang='lat' dir='ltr'>eo</span> <span class='ocrx_word' id='word_1_30' title='bbox 2204 481 2295 533; x_wconf 88' lang='lat' dir='ltr'>de-</span> 
     </span>
     <span class='ocr_line' id='line_1_5' title="bbox 148 580 1282 656; baseline -0.011 -15"><span class='ocrx_word' id='word_1_31' title='bbox 148 589 410 656; x_wconf 87' lang='lat' dir='ltr'>scriptum,</span> <span class='ocrx_word' id='word_1_32' title='bbox 438 605 533 654; x_wconf 89' lang='lat' dir='ltr'>per</span> <span class='ocrx_word' id='word_1_33' title='bbox 562 586 737 637; x_wconf 89' lang='lat' dir='ltr'>Corol.</span> <span class='ocrx_word' id='word_1_34' title='bbox 768 592 815 641; x_wconf 83' lang='lat'>7.</span> <span class='ocrx_word' id='word_1_35' title='bbox 847 586 1005 652; x_wconf 90' lang='lat' dir='ltr'>Prop.</span> <span class='ocrx_word' id='word_1_36' title='bbox 1036 580 1282 633; x_wconf 88' lang='lat' dir='ltr'>XXXV.</span> 
     </span>
    </p>

    <p class='ocr_par' dir='ltr' id='par_1_4' title="bbox 146 663 2297 934">
     <span class='ocr_line' id='line_1_6' title="bbox 221 663 2297 749; baseline -0.01 -17"><span class='ocrx_word' id='word_1_37' title='bbox 221 681 283 749; x_wconf 76' lang='lat'>(⁷¹)</span> <span class='ocrx_word' id='word_1_38' title='bbox 319 681 481 731; x_wconf 84' lang='lat' dir='ltr'>Corol.</span> <span class='ocrx_word' id='word_1_39' title='bbox 511 686 560 729; x_wconf 76' lang='lat'>4.</span> <span class='ocrx_word' id='word_1_40' title='bbox 623 678 829 730; x_wconf 89' lang='lat' dir='ltr'>Globus</span> <span class='ocrx_word' id='word_1_41' title='bbox 873 677 928 727; x_wconf 91' lang='lat' dir='ltr'>in</span> <span class='ocrx_word' id='word_1_42' title='bbox 970 674 1131 725; x_wconf 89' lang='lat' dir='ltr'>fluido</span> <span class='ocrx_word' id='word_1_43' title='bbox 1175 688 1473 739; x_wconf 85' lang='lat' dir='ltr'>compresso</span> <span class='ocrx_word' id='word_1_44' title='bbox 1518 669 1810 738; x_wconf 82' lang='lat' dir='ltr'>quiescente</span> <span class='ocrx_word' id='word_1_45' title='bbox 1852 663 2082 733; x_wconf 87' lang='lat' dir='ltr'>ejusdem</span> <span class='ocrx_word' id='word_1_46' title='bbox 2120 680 2297 713; x_wconf 89' lang='lat' dir='ltr'>secum</span> 
     </span>
     <span class='ocr_line' id='line_1_7' title="bbox 147 752 2295 831; baseline -0.01 -8"><span class='ocrx_word' id='word_1_47' title='bbox 147 770 411 824; x_wconf 86' lang='lat' dir='ltr'>densitatis</span> <span class='ocrx_word' id='word_1_48' title='bbox 438 769 712 831; x_wconf 90' lang='lat' dir='ltr'>movendo,</span> <span class='ocrx_word' id='word_1_49' title='bbox 742 767 1007 818; x_wconf 87' lang='lat' dir='ltr'>dimidiam</span> <span class='ocrx_word' id='word_1_50' title='bbox 1034 774 1205 815; x_wconf 91' lang='lat' dir='ltr'>motus</span> <span class='ocrx_word' id='word_1_51' title='bbox 1233 762 1312 814; x_wconf 87' lang='lat' dir='ltr'>sui</span> <span class='ocrx_word' id='word_1_52' title='bbox 1336 771 1535 829; x_wconf 87' lang='lat' dir='ltr'>partem</span> <span class='ocrx_word' id='word_1_53' title='bbox 1572 758 1715 826; x_wconf 90' lang='lat' dir='ltr'>prius</span> <span class='ocrx_word' id='word_1_54' title='bbox 1753 757 1952 807; x_wconf 86' lang='lat' dir='ltr'>amittet</span> <span class='ocrx_word' id='word_1_55' title='bbox 1988 770 2144 822; x_wconf 87' lang='lat' dir='ltr'>quam</span> <span class='ocrx_word' id='word_1_56' title='bbox 2180 752 2295 803; x_wconf 91' lang='lat' dir='ltr'>lon—</span> 
     </span>
     <span class='ocr_line' id='line_1_8' title="bbox 146 841 2208 934; baseline -0.01 -23"><span class='ocrx_word' id='word_1_57' title='bbox 146 860 435 934; x_wconf 86' lang='lat' dir='ltr'>gitudinem</span> <span class='ocrx_word' id='word_1_58' title='bbox 460 860 683 911; x_wconf 85' lang='lat' dir='ltr'>duarum</span> <span class='ocrx_word' id='word_1_59' title='bbox 707 857 868 925; x_wconf 87' lang='lat' dir='ltr'>ipsius</span> <span class='ocrx_word' id='word_1_60' title='bbox 895 855 1268 906; x_wconf 86' lang='lat' dir='ltr'>diametrorum</span> <span class='ocrx_word' id='word_1_61' title='bbox 1294 848 1639 916; x_wconf 78' lang='lat' dir='ltr'>descripserit,</span> <span class='ocrx_word' id='word_1_62' title='bbox 1667 864 1763 914; x_wconf 92' lang='lat' dir='ltr'>per</span> <span class='ocrx_word' id='word_1_63' title='bbox 1788 844 1928 895; x_wconf 74' lang='lat' dir='ltr'>‚idem</span> <span class='ocrx_word' id='word_1_64' title='bbox 1958 841 2134 894; x_wconf 90' lang='lat' dir='ltr'>Corol.</span> <span class='ocrx_word' id='word_1_65' title='bbox 2159 846 2208 896; x_wconf 86' lang='lat'>7.</span> 
     </span>
    </p>
   </div>
   <div class='ocr_carea' id='block_1_4' title="bbox 147 992 1193 1316">
    <p class='ocr_par' dir='ltr' id='par_1_5' title="bbox 147 992 1193 1316">
     <span class='ocr_line' id='line_1_9' title="bbox 148 992 1191 1051; baseline -0.012 -11"><span class='ocrx_word' id='word_1_66' title='bbox 148 1003 183 1040; x_wconf 91' lang='grc' dir='ltr'><strong>Β</strong></span> <span class='ocrx_word' id='word_1_67' title='bbox 202 1002 371 1051; x_wconf 82' lang='lat' dir='ltr'>spatium</span> <span class='ocrx_word' id='word_1_68' title='bbox 392 1001 425 1039; x_wconf 91' lang='lat' dir='ltr'>F</span> <span class='ocrx_word' id='word_1_69' title='bbox 445 1007 698 1050; x_wconf 85' lang='lat' dir='ltr'>percurretur,</span> <span class='ocrx_word' id='word_1_70' title='bbox 728 996 834 1046; x_wconf 87' lang='lat' dir='ltr'>quod</span> <span class='ocrx_word' id='word_1_71' title='bbox 861 1003 1013 1043; x_wconf 86' lang='lat' dir='ltr'>tempus</span> <span class='ocrx_word' id='word_1_72' title='bbox 1041 992 1191 1030; x_wconf 85' lang='lat' dir='ltr'>dicatur</span> 
     </span>
     <span class='ocr_line' id='line_1_10' title="bbox 152 1046 1188 1104; baseline -0.011 -11"><span class='ocrx_word' id='word_1_73' title='bbox 152 1056 203 1101; x_wconf 87' lang='lat' dir='ltr'>G,</span> <span class='ocrx_word' id='word_1_74' title='bbox 234 1067 400 1104; x_wconf 87' lang='lat' dir='ltr'>cumque</span> <span class='ocrx_word' id='word_1_75' title='bbox 427 1053 626 1091; x_wconf 85' lang='lat' dir='ltr'>velocitate</span> <span class='ocrx_word' id='word_1_76' title='bbox 645 1064 712 1099; x_wconf 89' lang='lat' dir='ltr'>per</span> <span class='ocrx_word' id='word_1_77' title='bbox 730 1052 882 1098; x_wconf 85' lang='lat' dir='ltr'>lapsum</span> <span class='ocrx_word' id='word_1_78' title='bbox 910 1046 1096 1098; x_wconf 72' lang='lat' dir='ltr'>acquisita</span> <span class='ocrx_word' id='word_1_79' title='bbox 1115 1046 1188 1082; x_wconf 89' lang='lat' dir='ltr'>du-</span> 
     </span>
     <span class='ocr_line' id='line_1_11' title="bbox 147 1100 1193 1157; baseline -0.012 -10"><span class='ocrx_word' id='word_1_80' title='bbox 147 1109 257 1157; x_wconf 89' lang='lat' dir='ltr'>plum</span> <span class='ocrx_word' id='word_1_81' title='bbox 277 1108 386 1156; x_wconf 89' lang='lat' dir='ltr'>spatii</span> <span class='ocrx_word' id='word_1_82' title='bbox 405 1107 515 1155; x_wconf 81' lang='lat' dir='ltr'>lapsu</span> <span class='ocrx_word' id='word_1_83' title='bbox 534 1105 702 1154; x_wconf 84' lang='lat' dir='ltr'>percursi</span> <span class='ocrx_word' id='word_1_84' title='bbox 731 1102 974 1141; x_wconf 85' lang='lat' dir='ltr'>uniformiter</span> <span class='ocrx_word' id='word_1_85' title='bbox 1001 1100 1193 1137; x_wconf 88' lang='lat' dir='ltr'>describa-</span> 
     </span>
     <span class='ocr_line' id='line_1_12' title="bbox 148 1152 1193 1209; baseline -0.011 -10"><span class='ocrx_word' id='word_1_86' title='bbox 148 1170 212 1199; x_wconf 88' lang='lat' dir='ltr'>tur</span> <span class='ocrx_word' id='word_1_87' title='bbox 230 1161 314 1209; x_wconf 82' lang='lat' dir='ltr'>ipso</span> <span class='ocrx_word' id='word_1_88' title='bbox 333 1161 463 1208; x_wconf 89' lang='lat' dir='ltr'>lapsus</span> <span class='ocrx_word' id='word_1_89' title='bbox 481 1167 664 1207; x_wconf 88' lang='lat' dir='ltr'>tempore,</span> <span class='ocrx_word' id='word_1_90' title='bbox 685 1156 773 1195; x_wconf 65' lang='lat' dir='ltr'>ide&amp;</span> <span class='ocrx_word' id='word_1_91' title='bbox 793 1156 993 1193; x_wconf 82' lang='lat' dir='ltr'>velocitate</span> <span class='ocrx_word' id='word_1_92' title='bbox 1020 1165 1045 1201; x_wconf 89' lang='lat' dir='ltr'>p</span> <span class='ocrx_word' id='word_1_93' title='bbox 1075 1152 1193 1189; x_wconf 86' lang='lat' dir='ltr'>ndere</span> 
     </span>
     <span class='ocr_line' id='line_1_13' title="bbox 152 1205 1192 1262; baseline -0.011 -9"><span class='ocrx_word' id='word_1_94' title='bbox 152 1215 187 1253; x_wconf 95' lang='lat' dir='ltr'>B</span> <span class='ocrx_word' id='word_1_95' title='bbox 206 1221 376 1261; x_wconf 88' lang='lat' dir='ltr'>tempore</span> <span class='ocrx_word' id='word_1_96' title='bbox 408 1214 446 1251; x_wconf 88' lang='lat' dir='ltr'>G</span> <span class='ocrx_word' id='word_1_97' title='bbox 474 1211 670 1262; x_wconf 72' lang='lat' dir='ltr'>acquisita,</span> <span class='ocrx_word' id='word_1_98' title='bbox 701 1210 837 1248; x_wconf 86' lang='lat' dir='ltr'>eodem</span> <span class='ocrx_word' id='word_1_99' title='bbox 856 1219 1028 1257; x_wconf 82' lang='lat' dir='ltr'>tempore</span> <span class='ocrx_word' id='word_1_100' title='bbox 1059 1207 1097 1244; x_wconf 93' lang='lat' dir='ltr'>G</span> <span class='ocrx_word' id='word_1_101' title='bbox 1126 1205 1192 1243; x_wconf 91' lang='lat' dir='ltr'>de-</span> 
     </span>
     <span class='ocr_line' id='line_1_14' title="bbox 149 1260 1190 1316; baseline -0.01 -11"><span class='ocrx_word' id='word_1_102' title='bbox 149 1268 376 1305; x_wconf 80' lang='lat' dir='ltr'>scriberetur</span> <span class='ocrx_word' id='word_1_103' title='bbox 396 1272 419 1303; x_wconf 72' lang='lat'><strong>2</strong></span> <span class='ocrx_word' id='word_1_104' title='bbox 443 1267 487 1311; x_wconf 89' lang='lat' dir='ltr'>F,</span> <span class='ocrx_word' id='word_1_105' title='bbox 517 1264 686 1316; x_wconf 72' lang='lat' dir='ltr'>cumque</span> <span class='ocrx_word' id='word_1_106' title='bbox 705 1264 883 1301; x_wconf 88' lang='lat' dir='ltr'>velocitas</span> <span class='ocrx_word' id='word_1_107' title='bbox 910 1261 1035 1298; x_wconf 85' lang='lat' dir='ltr'>omnis</span> <span class='ocrx_word' id='word_1_108' title='bbox 1065 1260 1190 1308; x_wconf 87' lang='lat' dir='ltr'>expri-</span> 
     </span>
    </p>
   </div>
   <div class='ocr_carea' id='block_1_5' title="bbox 148 1314 1192 1368">
    <p class='ocr_par' dir='ltr' id='par_1_6' title="bbox 148 1314 1192 1368">
     <span class='ocr_line' id='line_1_15' title="bbox 148 1314 1192 1368; baseline -0.009 -10"><span class='ocrx_word' id='word_1_109' title='bbox 148 1329 276 1358; x_wconf 87' lang='lat' dir='ltr'>matur</span> <span class='ocrx_word' id='word_1_110' title='bbox 302 1333 370 1368; x_wconf 90' lang='lat' dir='ltr'>per</span> <span class='ocrx_word' id='word_1_111' title='bbox 397 1319 562 1368; x_wconf 84' lang='lat' dir='ltr'>spatium</span> <span class='ocrx_word' id='word_1_112' title='bbox 581 1318 747 1356; x_wconf 87' lang='lat' dir='ltr'>divisum</span> <span class='ocrx_word' id='word_1_113' title='bbox 765 1329 833 1367; x_wconf 90' lang='lat' dir='ltr'>per</span> <span class='ocrx_word' id='word_1_114' title='bbox 851 1325 1015 1364; x_wconf 90' lang='lat' dir='ltr'>tempus,</span> <span class='ocrx_word' id='word_1_115' title='bbox 1048 1314 1120 1351; x_wconf 92' lang='lat' dir='ltr'>erit</span> <span class='ocrx_word' id='word_1_116' title='bbox 1146 1326 1192 1350; x_wconf 85' lang='lat' dir='ltr'>ea</span> 
     </span>
    </p>
   </div>
   <div class='ocr_carea' id='block_1_6' title="bbox 148 1372 1192 1455">
    <p class='ocr_par' dir='ltr' id='par_1_7' title="bbox 148 1372 1192 1455">
     <span class='ocr_line' id='line_1_16' title="bbox 148 1372 1192 1455; baseline -0.007 -13"><span class='ocrx_word' id='word_1_117' title='bbox 148 1405 328 1442; x_wconf 85' lang='lat' dir='ltr'>velocitas</span> <span class='ocrx_word' id='word_1_118' title='bbox 355 1405 524 1442; x_wconf 85' lang='lat' dir='ltr'>maxima</span> <span class='ocrx_word' id='word_1_119' title='bbox 543 1372 623 1435; x_wconf 52' lang='lat' dir='ltr'>{E</span> <span class='ocrx_word' id='word_1_120' title='bbox 641 1417 729 1455; x_wconf 90' lang='lat' dir='ltr'>quae</span> <span class='ocrx_word' id='word_1_121' title='bbox 755 1403 798 1441; x_wconf 89' lang='lat' dir='ltr'>in</span> <span class='ocrx_word' id='word_1_122' title='bbox 824 1400 1020 1452; x_wconf 81' lang='lat' dir='ltr'>p&#39;osterum</span> <span class='ocrx_word' id='word_1_123' title='bbox 1039 1398 1192 1437; x_wconf 88' lang='lat' dir='ltr'>dicatur</span> 
     </span>
    </p>
   </div>
   <div class='ocr_carea' id='block_1_7' title="bbox 148 1440 1194 1698">
    <p class='ocr_par' dir='ltr' id='par_1_8' title="bbox 148 1440 1194 1698">
     <span class='ocr_line' id='line_1_17' title="bbox 567 1440 604 1477; baseline 0 0"><span class='ocrx_word' id='word_1_124' title='bbox 567 1440 604 1477; x_wconf 92' lang='lat' dir='ltr'>G</span> 
     </span>
     <span class='ocr_line' id='line_1_18' title="bbox 154 1491 213 1528; baseline 0 0"><span class='ocrx_word' id='word_1_125' title='bbox 154 1491 213 1528; x_wconf 88' lang='grc' dir='ltr'>Η.</span> 
     </span>
     <span class='ocr_line' id='line_1_19' title="bbox 209 1538 1192 1594; baseline -0.007 -13"><span class='ocrx_word' id='word_1_126' title='bbox 209 1544 225 1580; x_wconf 92' lang='grc' dir='ltr'><strong>Ι</strong></span> <span class='ocrx_word' id='word_1_127' title='bbox 235 1544 268 1580; x_wconf 88' lang='grc' dir='ltr'>Ι.</span> <span class='ocrx_word' id='word_1_128' title='bbox 304 1542 411 1581; x_wconf 69' lang='lat' dir='ltr'>Data</span> <span class='ocrx_word' id='word_1_129' title='bbox 428 1552 557 1581; x_wconf 89' lang='lat' dir='ltr'>autem</span> <span class='ocrx_word' id='word_1_130' title='bbox 577 1542 711 1594; x_wconf 56' lang='lat' dir='ltr'>quisivis</span> <span class='ocrx_word' id='word_1_131' title='bbox 728 1542 802 1580; x_wconf 70' lang='lat' dir='ltr'>alia</span> <span class='ocrx_word' id='word_1_132' title='bbox 823 1540 996 1591; x_wconf 87' lang='lat' dir='ltr'>ejusdem</span> <span class='ocrx_word' id='word_1_133' title='bbox 1008 1538 1113 1590; x_wconf 86' lang='lat' dir='ltr'>globi</span> <span class='ocrx_word' id='word_1_134' title='bbox 1128 1550 1192 1575; x_wconf 89' lang='lat' dir='ltr'>ve-</span> 
     </span>
     <span class='ocr_line' id='line_1_20' title="bbox 148 1592 1193 1645; baseline -0.006 -12"><span class='ocrx_word' id='word_1_135' title='bbox 148 1596 301 1634; x_wconf 89' lang='lat' dir='ltr'>locitate</span> <span class='ocrx_word' id='word_1_136' title='bbox 320 1597 360 1633; x_wconf 91' lang='lat' dir='ltr'>in</span> <span class='ocrx_word' id='word_1_137' title='bbox 379 1596 515 1633; x_wconf 88' lang='lat' dir='ltr'>eodem</span> <span class='ocrx_word' id='word_1_138' title='bbox 533 1596 655 1634; x_wconf 89' lang='lat' dir='ltr'>fluido</span> <span class='ocrx_word' id='word_1_139' title='bbox 673 1608 793 1645; x_wconf 89' lang='lat' dir='ltr'>eaque</span> <span class='ocrx_word' id='word_1_140' title='bbox 820 1595 970 1632; x_wconf 82' lang='lat' dir='ltr'>dicatur</span> <span class='ocrx_word' id='word_1_141' title='bbox 992 1593 1051 1636; x_wconf 87' lang='lat' dir='ltr'>M,</span> <span class='ocrx_word' id='word_1_142' title='bbox 1082 1592 1193 1628; x_wconf 86' lang='lat' dir='ltr'>resis-</span> 
     </span>
     <span class='ocr_line' id='line_1_21' title="bbox 150 1644 1194 1698; baseline -0.007 -11"><span class='ocrx_word' id='word_1_143' title='bbox 150 1650 268 1687; x_wconf 84' lang='lat' dir='ltr'>tentia</span> <span class='ocrx_word' id='word_1_144' title='bbox 286 1649 357 1697; x_wconf 86' lang='lat' dir='ltr'>ipsi</span> <span class='ocrx_word' id='word_1_145' title='bbox 376 1658 596 1698; x_wconf 85' lang='lat' dir='ltr'>competens</span> <span class='ocrx_word' id='word_1_146' title='bbox 608 1649 660 1686; x_wconf 90' lang='lat' dir='ltr'>ita</span> <span class='ocrx_word' id='word_1_147' title='bbox 672 1649 877 1692; x_wconf 79' lang='lat' dir='ltr'>obtinetur,</span> <span class='ocrx_word' id='word_1_148' title='bbox 899 1654 943 1683; x_wconf 87' lang='lat' dir='ltr'>ut</span> <span class='ocrx_word' id='word_1_149' title='bbox 958 1644 1194 1695; x_wconf 87' lang='lat' dir='ltr'>quadratum</span> 
     </span>
    </p>
   </div>
   <div class='ocr_carea' id='block_1_8' title="bbox 151 1697 1195 1802">
    <p class='ocr_par' dir='ltr' id='par_1_9' title="bbox 151 1697 1195 1802">
     <span class='ocr_line' id='line_1_22' title="bbox 151 1697 1194 1752; baseline -0.007 -13"><span class='ocrx_word' id='word_1_150' title='bbox 151 1702 362 1740; x_wconf 88' lang='lat' dir='ltr'>velocitatis</span> <span class='ocrx_word' id='word_1_151' title='bbox 392 1703 436 1739; x_wconf 95' lang='lat' dir='ltr'>H</span> <span class='ocrx_word' id='word_1_152' title='bbox 464 1703 512 1740; x_wconf 86' lang='lat' dir='ltr'>ad</span> <span class='ocrx_word' id='word_1_153' title='bbox 540 1702 770 1752; x_wconf 84' lang='lat' dir='ltr'>quadratum</span> <span class='ocrx_word' id='word_1_154' title='bbox 795 1699 1005 1737; x_wconf 88' lang='lat' dir='ltr'>velocitatis</span> <span class='ocrx_word' id='word_1_155' title='bbox 1032 1697 1194 1748; x_wconf 86' lang='lat' dir='ltr'>hujusce</span> 
     </span>
     <span class='ocr_line' id='line_1_23' title="bbox 158 1749 1195 1802; baseline -0.007 -9"><span class='ocrx_word' id='word_1_156' title='bbox 158 1755 223 1802; x_wconf 91' lang='lat' dir='ltr'>M,</span> <span class='ocrx_word' id='word_1_157' title='bbox 240 1755 295 1793; x_wconf 89' lang='lat' dir='ltr'>ita</span> <span class='ocrx_word' id='word_1_158' title='bbox 313 1763 369 1794; x_wconf 89' lang='lat' dir='ltr'>est</span> <span class='ocrx_word' id='word_1_159' title='bbox 386 1756 597 1795; x_wconf 86' lang='lat' dir='ltr'>resistentia</span> <span class='ocrx_word' id='word_1_160' title='bbox 615 1755 796 1793; x_wconf 90' lang='lat' dir='ltr'>adversus</span> <span class='ocrx_word' id='word_1_161' title='bbox 813 1753 1052 1791; x_wconf 88' lang='lat' dir='ltr'>velocitatem</span> <span class='ocrx_word' id='word_1_162' title='bbox 1067 1750 1110 1788; x_wconf 90' lang='lat' dir='ltr'>H</span> <span class='ocrx_word' id='word_1_163' title='bbox 1131 1749 1195 1787; x_wconf 90' lang='lat' dir='ltr'>cui</span> 
     </span>
    </p>
   </div>
   <div class='ocr_carea' id='block_1_9' title="bbox 255 1923 1074 2501">
    <p class='ocr_par' dir='ltr' id='par_1_10' title="bbox 255 1923 1074 2501">
     <span class='ocr_line' id='line_1_24' title="bbox 255 1923 1074 2501; baseline 0 1691"><span class='ocrx_word' id='word_1_164' title='bbox 255 1923 1074 2501; x_wconf 95' lang='lat' dir='ltr'> </span> 
     </span>
    </p>
   </div>
   <div class='ocr_carea' id='block_1_10' title="bbox 156 2588 1199 2959">
    <p class='ocr_par' dir='ltr' id='par_1_11' title="bbox 156 2588 1199 2959">
     <span class='ocr_line' id='line_1_25' title="bbox 157 2588 1197 2644; baseline -0.002 -12"><span class='ocrx_word' id='word_1_165' title='bbox 157 2593 306 2644; x_wconf 85' lang='lat' dir='ltr'>pondus</span> <span class='ocrx_word' id='word_1_166' title='bbox 335 2593 371 2631; x_wconf 92' lang='lat' dir='ltr'>B</span> <span class='ocrx_word' id='word_1_167' title='bbox 397 2588 626 2642; x_wconf 78' lang='lat' dir='ltr'>aequipollet,</span> <span class='ocrx_word' id='word_1_168' title='bbox 660 2591 710 2629; x_wconf 88' lang='lat' dir='ltr'>ad</span> <span class='ocrx_word' id='word_1_169' title='bbox 735 2590 986 2629; x_wconf 84' lang='lat' dir='ltr'>resistentiam</span> <span class='ocrx_word' id='word_1_170' title='bbox 1014 2590 1197 2630; x_wconf 83' lang='lat' dir='ltr'>adversus</span> 
     </span>
     <span class='ocr_line' id='line_1_26' title="bbox 157 2644 1199 2696; baseline -0.003 -11"><span class='ocrx_word' id='word_1_171' title='bbox 157 2647 392 2686; x_wconf 87' lang='lat' dir='ltr'>velocitatem</span> <span class='ocrx_word' id='word_1_172' title='bbox 408 2646 468 2690; x_wconf 93' lang='lat' dir='ltr'>M,</span> <span class='ocrx_word' id='word_1_173' title='bbox 489 2658 607 2696; x_wconf 87' lang='lat' dir='ltr'>quam</span> <span class='ocrx_word' id='word_1_174' title='bbox 625 2646 769 2682; x_wconf 92' lang='lat' dir='ltr'>vocabo</span> <span class='ocrx_word' id='word_1_175' title='bbox 788 2646 853 2691; x_wconf 91' lang='lat' dir='ltr'>R;</span> <span class='ocrx_word' id='word_1_176' title='bbox 874 2658 965 2682; x_wconf 89' lang='lat' dir='ltr'>cum</span> <span class='ocrx_word' id='word_1_177' title='bbox 984 2657 1077 2695; x_wconf 83' lang='lat' dir='ltr'>ergo</span> <span class='ocrx_word' id='word_1_178' title='bbox 1091 2644 1199 2694; x_wconf 89' lang='lat' dir='ltr'>prius</span> 
     </span>
     <span class='ocr_line' id='line_1_27' title="bbox 156 2697 1199 2739; baseline -0.004 0"><span class='ocrx_word' id='word_1_179' title='bbox 156 2702 243 2739; x_wconf 87' lang='lat' dir='ltr'>data</span> <span class='ocrx_word' id='word_1_180' title='bbox 270 2701 319 2738; x_wconf 89' lang='lat' dir='ltr'>sit</span> <span class='ocrx_word' id='word_1_181' title='bbox 336 2698 433 2737; x_wconf 86' lang='lat' dir='ltr'>ratio</span> <span class='ocrx_word' id='word_1_182' title='bbox 455 2699 493 2736; x_wconf 95' lang='lat' dir='ltr'>A</span> <span class='ocrx_word' id='word_1_183' title='bbox 513 2699 563 2736; x_wconf 88' lang='lat' dir='ltr'>ad</span> <span class='ocrx_word' id='word_1_184' title='bbox 586 2699 620 2736; x_wconf 93' lang='lat' dir='ltr'>B</span> <span class='ocrx_word' id='word_1_185' title='bbox 639 2698 793 2736; x_wconf 90' lang='lat' dir='ltr'>dabitur</span> <span class='ocrx_word' id='word_1_186' title='bbox 810 2698 926 2735; x_wconf 86' lang='lat' dir='ltr'>etiam</span> <span class='ocrx_word' id='word_1_187' title='bbox 953 2697 1050 2736; x_wconf 88' lang='lat' dir='ltr'>ratio</span> <span class='ocrx_word' id='word_1_188' title='bbox 1081 2700 1119 2736; x_wconf 94' lang='lat' dir='ltr'><strong>A</strong></span> <span class='ocrx_word' id='word_1_189' title='bbox 1148 2698 1199 2735; x_wconf 89' lang='lat' dir='ltr'>ad</span> 
     </span>
     <span class='ocr_line' id='line_1_28' title="bbox 161 2751 1198 2802; baseline -0.003 -11"><span class='ocrx_word' id='word_1_190' title='bbox 161 2755 199 2792; x_wconf 92' lang='lat' dir='ltr'><strong>R</strong></span> <span class='ocrx_word' id='word_1_191' title='bbox 218 2751 381 2802; x_wconf 75' lang='lat' dir='ltr'>ideoque</span> <span class='ocrx_word' id='word_1_192' title='bbox 400 2752 554 2789; x_wconf 90' lang='lat' dir='ltr'>dabitur</span> <span class='ocrx_word' id='word_1_193' title='bbox 580 2752 748 2800; x_wconf 89' lang='lat' dir='ltr'>spatium</span> <span class='ocrx_word' id='word_1_194' title='bbox 779 2751 884 2801; x_wconf 91' lang='lat' dir='ltr'>quod</span> <span class='ocrx_word' id='word_1_195' title='bbox 910 2752 1060 2789; x_wconf 87' lang='lat' dir='ltr'>actione</span> <span class='ocrx_word' id='word_1_196' title='bbox 1087 2751 1126 2788; x_wconf 89' lang='lat' dir='ltr'>vi</span> <span class='ocrx_word' id='word_1_197' title='bbox 1159 2752 1198 2789; x_wconf 89' lang='lat' dir='ltr'><strong>R</strong></span> 
     </span>
     <span class='ocr_line' id='line_1_29' title="bbox 156 2803 1198 2853; baseline -0.004 -9"><span class='ocrx_word' id='word_1_198' title='bbox 156 2806 337 2845; x_wconf 77' lang='lat' dir='ltr'>uniformi</span> <span class='ocrx_word' id='word_1_199' title='bbox 352 2803 548 2853; x_wconf 70' lang='lat' dir='ltr'>supposita</span> <span class='ocrx_word' id='word_1_200' title='bbox 560 2818 627 2852; x_wconf 91' lang='lat' dir='ltr'>per</span> <span class='ocrx_word' id='word_1_201' title='bbox 638 2816 764 2841; x_wconf 89' lang='lat' dir='ltr'>unum</span> <span class='ocrx_word' id='word_1_202' title='bbox 775 2804 972 2841; x_wconf 88' lang='lat' dir='ltr'>minutum</span> <span class='ocrx_word' id='word_1_203' title='bbox 981 2803 1198 2841; x_wconf 91' lang='lat' dir='ltr'>secundum</span> 
     </span>
     <span class='ocr_line' id='line_1_30' title="bbox 157 2857 1197 2908; baseline -0.003 -11"><span class='ocrx_word' id='word_1_204' title='bbox 157 2859 445 2903; x_wconf 80' lang='lat' dir='ltr'>describeretur,</span> <span class='ocrx_word' id='word_1_205' title='bbox 476 2858 664 2908; x_wconf 89' lang='lat' dir='ltr'>siquidem</span> <span class='ocrx_word' id='word_1_206' title='bbox 684 2857 805 2905; x_wconf 90' lang='lat' dir='ltr'>spatia</span> <span class='ocrx_word' id='word_1_207' title='bbox 822 2869 889 2904; x_wconf 90' lang='lat' dir='ltr'>per</span> <span class='ocrx_word' id='word_1_208' title='bbox 906 2857 1072 2894; x_wconf 89' lang='lat' dir='ltr'>diversas</span> <span class='ocrx_word' id='word_1_209' title='bbox 1098 2858 1197 2895; x_wconf 91' lang='lat' dir='ltr'>vires</span> 
     </span>
     <span class='ocr_line' id='line_1_31' title="bbox 158 2909 1196 2959; baseline -0.002 -9"><span class='ocrx_word' id='word_1_210' title='bbox 158 2912 372 2950; x_wconf 81' lang='lat' dir='ltr'>uniformes</span> <span class='ocrx_word' id='word_1_211' title='bbox 390 2910 668 2948; x_wconf 89' lang='lat' dir='ltr'>acceleratrices</span> <span class='ocrx_word' id='word_1_212' title='bbox 686 2909 875 2957; x_wconf 82' lang='lat' dir='ltr'>descripta</span> <span class='ocrx_word' id='word_1_213' title='bbox 892 2909 1029 2947; x_wconf 88' lang='lat' dir='ltr'>iisdem</span> <span class='ocrx_word' id='word_1_214' title='bbox 1048 2918 1196 2959; x_wconf 89' lang='lat' dir='ltr'>tempo-</span> 
     </span>
    </p>
   </div>
   <div class='ocr_carea' id='block_1_11' title="bbox 157 2967 1211 3929">
    <p class='ocr_par' dir='ltr' id='par_1_12' title="bbox 157 2967 1210 3771">
     <span class='ocr_line' id='line_1_32' title="bbox 157 2967 1197 3030; baseline 0.002 -17"><span class='ocrx_word' id='word_1_215' title='bbox 157 2976 263 3015; x_wconf 89' lang='lat' dir='ltr'>ribus</span> <span class='ocrx_word' id='word_1_216' title='bbox 277 2983 367 3013; x_wconf 89' lang='lat' dir='ltr'>sunt</span> <span class='ocrx_word' id='word_1_217' title='bbox 384 2983 429 3013; x_wconf 88' lang='lat' dir='ltr'>ut</span> <span class='ocrx_word' id='word_1_218' title='bbox 448 2975 524 3011; x_wconf 86' lang='lat' dir='ltr'>illae</span> <span class='ocrx_word' id='word_1_219' title='bbox 538 2974 645 3020; x_wconf 81' lang='lat' dir='ltr'>vires,</span> <span class='ocrx_word' id='word_1_220' title='bbox 663 2973 829 3026; x_wconf 71' lang='lat' dir='ltr'>ideoque</span> <span class='ocrx_word' id='word_1_221' title='bbox 849 2978 885 3013; x_wconf 81' lang='lat' dir='ltr'>A</span> <span class='ocrx_word' id='word_1_222' title='bbox 898 2975 948 3014; x_wconf 90' lang='lat' dir='ltr'>ad</span> <span class='ocrx_word' id='word_1_223' title='bbox 968 2978 1005 3014; x_wconf 93' lang='lat' dir='ltr'><strong>R</strong></span> <span class='ocrx_word' id='word_1_224' title='bbox 1018 2984 1064 3014; x_wconf 88' lang='lat' dir='ltr'>ut</span> <span class='ocrx_word' id='word_1_225' title='bbox 1082 2967 1197 3030; x_wconf 53' lang='lat'>¹51³?</span> 
     </span>
     <span class='ocr_line' id='line_1_33' title="bbox 159 3028 1196 3079; baseline 0.001 -13"><span class='ocrx_word' id='word_1_226' title='bbox 159 3028 245 3078; x_wconf 89' lang='lat' dir='ltr'>ped.</span> <span class='ocrx_word' id='word_1_227' title='bbox 282 3029 330 3066; x_wconf 89' lang='lat' dir='ltr'>ad</span> <span class='ocrx_word' id='word_1_228' title='bbox 359 3028 526 3077; x_wconf 88' lang='lat' dir='ltr'>spatium</span> <span class='ocrx_word' id='word_1_229' title='bbox 554 3040 635 3065; x_wconf 91' lang='lat' dir='ltr'>uno</span> <span class='ocrx_word' id='word_1_230' title='bbox 662 3029 813 3066; x_wconf 88' lang='lat' dir='ltr'>minuto</span> <span class='ocrx_word' id='word_1_231' title='bbox 842 3029 1011 3067; x_wconf 91' lang='lat' dir='ltr'>secundo</span> <span class='ocrx_word' id='word_1_232' title='bbox 1030 3030 1196 3079; x_wconf 86' lang='lat' dir='ltr'>descrip-</span> 
     </span>
     <span class='ocr_line' id='line_1_34' title="bbox 159 3080 1200 3132; baseline 0 -12"><span class='ocrx_word' id='word_1_233' title='bbox 159 3091 257 3129; x_wconf 91' lang='lat' dir='ltr'>tum,</span> <span class='ocrx_word' id='word_1_234' title='bbox 288 3082 397 3132; x_wconf 88' lang='lat' dir='ltr'>cujus</span> <span class='ocrx_word' id='word_1_235' title='bbox 424 3081 535 3130; x_wconf 82' lang='lat' dir='ltr'>spatii</span> <span class='ocrx_word' id='word_1_236' title='bbox 563 3080 728 3129; x_wconf 87' lang='lat' dir='ltr'>duplum</span> <span class='ocrx_word' id='word_1_237' title='bbox 755 3094 823 3130; x_wconf 84' lang='lat' dir='ltr'>per</span> <span class='ocrx_word' id='word_1_238' title='bbox 849 3095 974 3120; x_wconf 88' lang='lat' dir='ltr'>unum</span> <span class='ocrx_word' id='word_1_239' title='bbox 1001 3083 1200 3121; x_wconf 91' lang='lat' dir='ltr'>minutum</span> 
     </span>
     <span class='ocr_line' id='line_1_35' title="bbox 160 3134 1200 3185; baseline 0.001 -12"><span class='ocrx_word' id='word_1_240' title='bbox 160 3135 376 3173; x_wconf 85' lang='lat' dir='ltr'>secundum</span> <span class='ocrx_word' id='word_1_241' title='bbox 393 3134 560 3172; x_wconf 81' lang='lat' dir='ltr'>divisum</span> <span class='ocrx_word' id='word_1_242' title='bbox 579 3134 757 3182; x_wconf 85' lang='lat' dir='ltr'>exprimit</span> <span class='ocrx_word' id='word_1_243' title='bbox 775 3135 1015 3173; x_wconf 88' lang='lat' dir='ltr'>velocitatem</span> <span class='ocrx_word' id='word_1_244' title='bbox 1028 3136 1063 3173; x_wconf 91' lang='lat' dir='ltr'>vi</span> <span class='ocrx_word' id='word_1_245' title='bbox 1080 3136 1118 3174; x_wconf 87' lang='lat' dir='ltr'><strong>R</strong></span> <span class='ocrx_word' id='word_1_246' title='bbox 1132 3149 1200 3185; x_wconf 88' lang='lat' dir='ltr'>per</span> 
     </span>
     <span class='ocr_line' id='line_1_36' title="bbox 160 3187 1201 3237; baseline 0.001 -11"><span class='ocrx_word' id='word_1_247' title='bbox 160 3201 285 3226; x_wconf 88' lang='lat' dir='ltr'>unum</span> <span class='ocrx_word' id='word_1_248' title='bbox 316 3188 513 3225; x_wconf 90' lang='lat' dir='ltr'>minutum</span> <span class='ocrx_word' id='word_1_249' title='bbox 541 3187 754 3225; x_wconf 87' lang='lat' dir='ltr'>secundum</span> <span class='ocrx_word' id='word_1_250' title='bbox 782 3188 1021 3237; x_wconf 80' lang='lat' dir='ltr'>productam.</span> <span class='ocrx_word' id='word_1_251' title='bbox 1083 3189 1201 3227; x_wconf 89' lang='lat' dir='ltr'>Unde</span> 
     </span>
     <span class='ocr_line' id='line_1_37' title="bbox 160 3241 1199 3291; baseline 0.003 -14"><span class='ocrx_word' id='word_1_252' title='bbox 160 3241 376 3279; x_wconf 89' lang='lat' dir='ltr'>invenietur</span> <span class='ocrx_word' id='word_1_253' title='bbox 393 3248 545 3289; x_wconf 90' lang='lat' dir='ltr'>tempus</span> <span class='ocrx_word' id='word_1_254' title='bbox 562 3253 641 3291; x_wconf 91' lang='lat' dir='ltr'>quo</span> <span class='ocrx_word' id='word_1_255' title='bbox 659 3253 726 3289; x_wconf 90' lang='lat' dir='ltr'>per</span> <span class='ocrx_word' id='word_1_256' title='bbox 744 3253 829 3278; x_wconf 90' lang='lat' dir='ltr'>eam</span> <span class='ocrx_word' id='word_1_257' title='bbox 848 3241 926 3278; x_wconf 90' lang='lat' dir='ltr'>vim</span> <span class='ocrx_word' id='word_1_258' title='bbox 944 3243 983 3280; x_wconf 91' lang='lat' dir='ltr'><strong>R</strong></span> <span class='ocrx_word' id='word_1_259' title='bbox 997 3242 1199 3280; x_wconf 86' lang='lat' dir='ltr'>uniformi-</span> 
     </span>
     <span class='ocr_line' id='line_1_38' title="bbox 161 3292 1202 3344; baseline 0.002 -13"><span class='ocrx_word' id='word_1_260' title='bbox 161 3300 220 3331; x_wconf 90' lang='lat' dir='ltr'>ter</span> <span class='ocrx_word' id='word_1_261' title='bbox 246 3300 425 3344; x_wconf 84' lang='lat' dir='ltr'>agentem</span> <span class='ocrx_word' id='word_1_262' title='bbox 452 3292 629 3331; x_wconf 82' lang='lat' dir='ltr'>velocitas</span> <span class='ocrx_word' id='word_1_263' title='bbox 651 3295 696 3331; x_wconf 92' lang='lat' dir='ltr'>M</span> <span class='ocrx_word' id='word_1_264' title='bbox 716 3294 874 3343; x_wconf 85' lang='lat' dir='ltr'>produci</span> <span class='ocrx_word' id='word_1_265' title='bbox 902 3296 963 3332; x_wconf 89' lang='lat' dir='ltr'>vel</span> <span class='ocrx_word' id='word_1_266' title='bbox 990 3296 1107 3333; x_wconf 89' lang='lat' dir='ltr'>etiam</span> <span class='ocrx_word' id='word_1_267' title='bbox 1134 3294 1202 3333; x_wconf 88' lang='lat' dir='ltr'>de-</span> 
     </span>
     <span class='ocr_line' id='line_1_39' title="bbox 161 3345 1204 3396; baseline 0.001 -12"><span class='ocrx_word' id='word_1_268' title='bbox 161 3347 257 3384; x_wconf 90' lang='lat' dir='ltr'>strui</span> <span class='ocrx_word' id='word_1_269' title='bbox 284 3353 422 3395; x_wconf 87' lang='lat' dir='ltr'>posset,</span> <span class='ocrx_word' id='word_1_270' title='bbox 456 3345 675 3385; x_wconf 84' lang='lat' dir='ltr'>velocitates</span> <span class='ocrx_word' id='word_1_271' title='bbox 696 3347 800 3384; x_wconf 89' lang='lat' dir='ltr'>enim</span> <span class='ocrx_word' id='word_1_272' title='bbox 828 3360 897 3396; x_wconf 87' lang='lat' dir='ltr'>per</span> <span class='ocrx_word' id='word_1_273' title='bbox 920 3349 1097 3386; x_wconf 89' lang='lat' dir='ltr'>eamdem</span> <span class='ocrx_word' id='word_1_274' title='bbox 1124 3348 1204 3385; x_wconf 89' lang='lat' dir='ltr'>vim</span> 
     </span>
     <span class='ocr_line' id='line_1_40' title="bbox 162 3399 1202 3451; baseline -0.001 -13"><span class='ocrx_word' id='word_1_275' title='bbox 162 3399 357 3450; x_wconf 85' lang='lat' dir='ltr'>acquisitae</span> <span class='ocrx_word' id='word_1_276' title='bbox 384 3405 475 3436; x_wconf 88' lang='lat' dir='ltr'>sunt</span> <span class='ocrx_word' id='word_1_277' title='bbox 500 3405 546 3436; x_wconf 89' lang='lat' dir='ltr'>ut</span> <span class='ocrx_word' id='word_1_278' title='bbox 571 3406 745 3449; x_wconf 86' lang='lat' dir='ltr'>tempora</span> <span class='ocrx_word' id='word_1_279' title='bbox 771 3402 911 3451; x_wconf 89' lang='lat' dir='ltr'>quibus</span> <span class='ocrx_word' id='word_1_280' title='bbox 928 3402 1202 3451; x_wconf 83' lang='lat' dir='ltr'>acquiruntur3</span> 
     </span>
     <span class='ocr_line' id='line_1_41' title="bbox 161 3452 1205 3503; baseline 0.002 -13"><span class='ocrx_word' id='word_1_281' title='bbox 161 3466 257 3503; x_wconf 87' lang='lat' dir='ltr'>ergo</span> <span class='ocrx_word' id='word_1_282' title='bbox 275 3452 453 3490; x_wconf 87' lang='lat' dir='ltr'>velocitas</span> <span class='ocrx_word' id='word_1_283' title='bbox 471 3459 642 3499; x_wconf 87' lang='lat' dir='ltr'>tempore</span> <span class='ocrx_word' id='word_1_284' title='bbox 660 3453 778 3491; x_wconf 86' lang='lat' dir='ltr'>unius</span> <span class='ocrx_word' id='word_1_285' title='bbox 795 3454 937 3492; x_wconf 91' lang='lat' dir='ltr'>minuti</span> <span class='ocrx_word' id='word_1_286' title='bbox 955 3454 1114 3492; x_wconf 87' lang='lat' dir='ltr'>secundi</span> <span class='ocrx_word' id='word_1_287' title='bbox 1142 3466 1205 3492; x_wconf 88' lang='lat' dir='ltr'>ac-</span> 
     </span>
     <span class='ocr_line' id='line_1_42' title="bbox 162 3504 1207 3563; baseline 0 -20"><span class='ocrx_word' id='word_1_288' title='bbox 162 3506 304 3556; x_wconf 87' lang='lat' dir='ltr'>quisita</span> <span class='ocrx_word' id='word_1_289' title='bbox 322 3512 379 3556; x_wconf 83' lang='lat' dir='ltr'>est</span> <span class='ocrx_word' id='word_1_290' title='bbox 396 3504 446 3543; x_wconf 89' lang='lat' dir='ltr'>ad</span> <span class='ocrx_word' id='word_1_291' title='bbox 465 3504 702 3543; x_wconf 89' lang='lat' dir='ltr'>velocitatem</span> <span class='ocrx_word' id='word_1_292' title='bbox 719 3506 781 3553; x_wconf 90' lang='lat' dir='ltr'>M,</span> <span class='ocrx_word' id='word_1_293' title='bbox 801 3514 847 3544; x_wconf 89' lang='lat' dir='ltr'>ut</span> <span class='ocrx_word' id='word_1_294' title='bbox 864 3520 990 3545; x_wconf 88' lang='lat' dir='ltr'>unum</span> <span class='ocrx_word' id='word_1_295' title='bbox 1009 3507 1207 3563; x_wconf 69' lang='lat' dir='ltr'>minutum</span> 
     </span>
     <span class='ocr_line' id='line_1_43' title="bbox 164 3557 1207 3609; baseline 0.002 -13"><span class='ocrx_word' id='word_1_296' title='bbox 164 3558 379 3596; x_wconf 87' lang='lat' dir='ltr'>secundum</span> <span class='ocrx_word' id='word_1_297' title='bbox 407 3557 456 3596; x_wconf 90' lang='lat' dir='ltr'>ad</span> <span class='ocrx_word' id='word_1_298' title='bbox 484 3565 638 3606; x_wconf 89' lang='lat' dir='ltr'>tempus</span> <span class='ocrx_word' id='word_1_299' title='bbox 655 3571 732 3609; x_wconf 93' lang='lat' dir='ltr'>quo</span> <span class='ocrx_word' id='word_1_300' title='bbox 751 3560 808 3597; x_wconf 92' lang='lat' dir='ltr'>vis</span> <span class='ocrx_word' id='word_1_301' title='bbox 830 3560 869 3598; x_wconf 90' lang='lat' dir='ltr'><strong>R</strong></span> <span class='ocrx_word' id='word_1_302' title='bbox 888 3560 1127 3598; x_wconf 84' lang='lat' dir='ltr'>velocitatem</span> <span class='ocrx_word' id='word_1_303' title='bbox 1158 3560 1207 3597; x_wconf 94' lang='lat' dir='ltr'>M</span> 
     </span>
     <span class='ocr_line' id='line_1_44' title="bbox 165 3609 1209 3662; baseline 0.001 -13"><span class='ocrx_word' id='word_1_304' title='bbox 165 3624 346 3662; x_wconf 85' lang='lat' dir='ltr'>generare</span> <span class='ocrx_word' id='word_1_305' title='bbox 375 3611 436 3649; x_wconf 91' lang='lat' dir='ltr'>vel</span> <span class='ocrx_word' id='word_1_306' title='bbox 467 3609 602 3648; x_wconf 79' lang='lat' dir='ltr'>tollere</span> <span class='ocrx_word' id='word_1_307' title='bbox 633 3619 770 3659; x_wconf 88' lang='lat' dir='ltr'>posset.</span> <span class='ocrx_word' id='word_1_308' title='bbox 833 3613 950 3652; x_wconf 89' lang='lat' dir='ltr'>Unde</span> <span class='ocrx_word' id='word_1_309' title='bbox 983 3613 1139 3651; x_wconf 90' lang='lat' dir='ltr'>tandem</span> <span class='ocrx_word' id='word_1_310' title='bbox 1167 3612 1209 3650; x_wconf 89' lang='lat' dir='ltr'>in</span> 
     </span>
     <span class='ocr_line' id='line_1_45' title="bbox 164 3664 1210 3713; baseline 0.004 -13"><span class='ocrx_word' id='word_1_311' title='bbox 164 3664 383 3713; x_wconf 70' lang='lat' dir='ltr'>hyperbolae</span> <span class='ocrx_word' id='word_1_312' title='bbox 419 3664 703 3702; x_wconf 83' lang='lat' dir='ltr'>constructione</span> <span class='ocrx_word' id='word_1_313' title='bbox 739 3664 854 3704; x_wconf 88' lang='lat' dir='ltr'>datur</span> <span class='ocrx_word' id='word_1_314' title='bbox 889 3665 995 3710; x_wconf 77' lang='lat' dir='ltr'>valor</span> <span class='ocrx_word' id='word_1_315' title='bbox 1025 3666 1210 3705; x_wconf 85' lang='lat' dir='ltr'>temooris</span> 
     </span>
     <span class='ocr_line' id='line_1_46' title="bbox 169 3716 739 3771; baseline 0 -16"><span class='ocrx_word' id='word_1_316' title='bbox 169 3729 238 3766; x_wconf 87' lang='lat' dir='ltr'>per</span> <span class='ocrx_word' id='word_1_317' title='bbox 255 3716 397 3771; x_wconf 82' lang='lat' dir='ltr'>lineam</span> <span class='ocrx_word' id='word_1_318' title='bbox 422 3719 458 3755; x_wconf 96' lang='lat' dir='ltr'><strong>A</strong></span> <span class='ocrx_word' id='word_1_319' title='bbox 484 3717 517 3754; x_wconf 92' lang='lat' dir='ltr'>B</span> <span class='ocrx_word' id='word_1_320' title='bbox 538 3716 739 3768; x_wconf 82' lang='lat' dir='ltr'>designati.</span> 
     </span>
    </p>

    <p class='ocr_par' dir='ltr' id='par_1_13' title="bbox 165 3770 1211 3929">
     <span class='ocr_line' id='line_1_47' title="bbox 223 3770 1211 3821; baseline 0.003 -14"><span class='ocrx_word' id='word_1_321' title='bbox 223 3770 405 3809; x_wconf 86' lang='lat' dir='ltr'>Sumatur</span> <span class='ocrx_word' id='word_1_322' title='bbox 416 3783 508 3821; x_wconf 87' lang='lat' dir='ltr'>ergo</span> <span class='ocrx_word' id='word_1_323' title='bbox 531 3771 565 3808; x_wconf 94' lang='lat' dir='ltr'>B</span> <span class='ocrx_word' id='word_1_324' title='bbox 584 3770 620 3808; x_wconf 84' lang='lat' dir='ltr'>E</span> <span class='ocrx_word' id='word_1_325' title='bbox 640 3770 744 3820; x_wconf 86' lang='lat' dir='ltr'>quod</span> <span class='ocrx_word' id='word_1_326' title='bbox 755 3772 804 3809; x_wconf 85' lang='lat' dir='ltr'>sit</span> <span class='ocrx_word' id='word_1_327' title='bbox 817 3771 867 3810; x_wconf 87' lang='lat' dir='ltr'>ad</span> <span class='ocrx_word' id='word_1_328' title='bbox 890 3775 926 3809; x_wconf 90' lang='lat' dir='ltr'><strong>A</strong></span> <span class='ocrx_word' id='word_1_329' title='bbox 944 3773 979 3810; x_wconf 93' lang='lat' dir='ltr'>B</span> <span class='ocrx_word' id='word_1_330' title='bbox 999 3779 1044 3810; x_wconf 90' lang='lat' dir='ltr'>ut</span> <span class='ocrx_word' id='word_1_331' title='bbox 1055 3779 1211 3821; x_wconf 86' lang='lat' dir='ltr'>tempus</span> 
     </span>
     <span class='ocr_line' id='line_1_48' title="bbox 165 3822 1209 3877; baseline 0.003 -17"><span class='ocrx_word' id='word_1_332' title='bbox 165 3822 271 3873; x_wconf 88' lang='lat' dir='ltr'>quod</span> <span class='ocrx_word' id='word_1_333' title='bbox 290 3836 483 3862; x_wconf 88' lang='lat' dir='ltr'>assumere</span> <span class='ocrx_word' id='word_1_334' title='bbox 502 3824 608 3861; x_wconf 88' lang='lat' dir='ltr'>lubet</span> <span class='ocrx_word' id='word_1_335' title='bbox 622 3824 672 3861; x_wconf 89' lang='lat' dir='ltr'>ad</span> <span class='ocrx_word' id='word_1_336' title='bbox 690 3831 843 3874; x_wconf 88' lang='lat' dir='ltr'>tempus</span> <span class='ocrx_word' id='word_1_337' title='bbox 861 3824 958 3863; x_wconf 89' lang='lat' dir='ltr'>illud</span> <span class='ocrx_word' id='word_1_338' title='bbox 977 3838 1055 3877; x_wconf 93' lang='lat' dir='ltr'>quo</span> <span class='ocrx_word' id='word_1_339' title='bbox 1082 3825 1139 3862; x_wconf 90' lang='lat' dir='ltr'>vis</span> <span class='ocrx_word' id='word_1_340' title='bbox 1169 3826 1209 3863; x_wconf 91' lang='lat' dir='ltr'><strong>R</strong></span> 
     </span>
     <span class='ocr_line' id='line_1_49' title="bbox 166 3876 1209 3929; baseline 0.001 -15"><span class='ocrx_word' id='word_1_341' title='bbox 166 3876 406 3915; x_wconf 82' lang='lat' dir='ltr'>velocitatem</span> <span class='ocrx_word' id='word_1_342' title='bbox 435 3877 482 3915; x_wconf 88' lang='lat' dir='ltr'>M</span> <span class='ocrx_word' id='word_1_343' title='bbox 511 3890 598 3927; x_wconf 87' lang='lat' dir='ltr'>quae</span> <span class='ocrx_word' id='word_1_344' title='bbox 625 3890 693 3926; x_wconf 89' lang='lat' dir='ltr'>per</span> <span class='ocrx_word' id='word_1_345' title='bbox 715 3878 749 3915; x_wconf 94' lang='lat' dir='ltr'><strong>B</strong></span> <span class='ocrx_word' id='word_1_346' title='bbox 774 3879 807 3916; x_wconf 91' lang='lat' dir='ltr'>C</span> <span class='ocrx_word' id='word_1_347' title='bbox 835 3878 1062 3928; x_wconf 83' lang='lat' dir='ltr'>exprimitur</span> <span class='ocrx_word' id='word_1_348' title='bbox 1090 3891 1209 3929; x_wconf 88' lang='lat' dir='ltr'>gene-</span> 
     </span>
    </p>
   </div>
   <div class='ocr_carea' id='block_1_12' title="bbox 1243 979 2302 1996">
    <p class='ocr_par' dir='ltr' id='par_1_14' title="bbox 1243 979 2297 1408">
     <span class='ocr_line' id='line_1_50' title="bbox 1243 979 2297 1034; baseline -0.009 -7"><span class='ocrx_word' id='word_1_349' title='bbox 1243 1002 1327 1027; x_wconf 90' lang='lat' dir='ltr'>rare</span> <span class='ocrx_word' id='word_1_350' title='bbox 1358 988 1421 1026; x_wconf 94' lang='lat' dir='ltr'>vel</span> <span class='ocrx_word' id='word_1_351' title='bbox 1454 988 1588 1025; x_wconf 90' lang='lat' dir='ltr'>tollere</span> <span class='ocrx_word' id='word_1_352' title='bbox 1625 992 1750 1034; x_wconf 88' lang='lat' dir='ltr'>potest</span> <span class='ocrx_word' id='word_1_353' title='bbox 1778 982 2024 1022; x_wconf 85' lang='lat' dir='ltr'>uniformiter</span> <span class='ocrx_word' id='word_1_354' title='bbox 2055 979 2219 1032; x_wconf 88' lang='lat' dir='ltr'>agendo,</span> <span class='ocrx_word' id='word_1_355' title='bbox 2257 987 2297 1019; x_wconf 88' lang='lat' dir='ltr'>et</span> 
     </span>
     <span class='ocr_line' id='line_1_51' title="bbox 1244 1034 2297 1086; baseline -0.008 -6"><span class='ocrx_word' id='word_1_356' title='bbox 1244 1043 1410 1080; x_wconf 88' lang='lat' dir='ltr'>ducatur</span> <span class='ocrx_word' id='word_1_357' title='bbox 1428 1041 1603 1079; x_wconf 86' lang='lat' dir='ltr'>ordinata</span> <span class='ocrx_word' id='word_1_358' title='bbox 1624 1039 1660 1076; x_wconf 92' lang='lat' dir='ltr'><strong>E</strong></span> <span class='ocrx_word' id='word_1_359' title='bbox 1689 1038 1733 1084; x_wconf 89' lang='lat' dir='ltr'>F,</span> <span class='ocrx_word' id='word_1_360' title='bbox 1755 1051 1800 1075; x_wconf 88' lang='lat' dir='ltr'>ea</span> <span class='ocrx_word' id='word_1_361' title='bbox 1818 1036 2036 1086; x_wconf 86' lang='lat' dir='ltr'>designabit</span> <span class='ocrx_word' id='word_1_362' title='bbox 2054 1034 2297 1073; x_wconf 89' lang='lat' dir='ltr'>velocitatem</span> 
     </span>
     <span class='ocr_line' id='line_1_52' title="bbox 1245 1087 2295 1146; baseline -0.012 -13"><span class='ocrx_word' id='word_1_363' title='bbox 1245 1096 1350 1146; x_wconf 90' lang='lat' dir='ltr'>globi</span> <span class='ocrx_word' id='word_1_364' title='bbox 1369 1108 1414 1132; x_wconf 94' lang='lat' dir='ltr'>eo</span> <span class='ocrx_word' id='word_1_365' title='bbox 1434 1102 1606 1142; x_wconf 87' lang='lat' dir='ltr'>tempore</span> <span class='ocrx_word' id='word_1_366' title='bbox 1632 1091 1874 1141; x_wconf 87' lang='lat' dir='ltr'>superstitem</span> <span class='ocrx_word' id='word_1_367' title='bbox 1894 1102 1982 1139; x_wconf 88' lang='lat' dir='ltr'>quae</span> <span class='ocrx_word' id='word_1_368' title='bbox 2001 1101 2047 1126; x_wconf 87' lang='lat' dir='ltr'>ex</span> <span class='ocrx_word' id='word_1_369' title='bbox 2067 1087 2205 1126; x_wconf 70' lang='lat' dir='ltr'>natura</span> <span class='ocrx_word' id='word_1_370' title='bbox 2221 1088 2295 1138; x_wconf 85' lang='lat' dir='ltr'>hy.</span> 
     </span>
     <span class='ocr_line' id='line_1_53' title="bbox 1245 1140 2297 1198; baseline -0.008 -12"><span class='ocrx_word' id='word_1_371' title='bbox 1245 1148 1413 1198; x_wconf 85' lang='lat' dir='ltr'>perbolae</span> <span class='ocrx_word' id='word_1_372' title='bbox 1432 1146 1642 1192; x_wconf 70' lang='lat' dir='ltr'>habebitur,</span> <span class='ocrx_word' id='word_1_373' title='bbox 1665 1152 1722 1183; x_wconf 86' lang='lat' dir='ltr'>est</span> <span class='ocrx_word' id='word_1_374' title='bbox 1740 1144 1844 1182; x_wconf 87' lang='lat' dir='ltr'>enim</span> <span class='ocrx_word' id='word_1_375' title='bbox 1869 1143 1905 1180; x_wconf 93' lang='lat' dir='ltr'><strong>A</strong></span> <span class='ocrx_word' id='word_1_376' title='bbox 1929 1143 1981 1188; x_wconf 91' lang='lat' dir='ltr'>E,</span> <span class='ocrx_word' id='word_1_377' title='bbox 2001 1142 2051 1179; x_wconf 89' lang='lat' dir='ltr'>ad</span> <span class='ocrx_word' id='word_1_378' title='bbox 2068 1144 2106 1179; x_wconf 93' lang='lat' dir='ltr'><strong>A</strong></span> <span class='ocrx_word' id='word_1_379' title='bbox 2131 1141 2180 1187; x_wconf 89' lang='lat' dir='ltr'>B,</span> <span class='ocrx_word' id='word_1_380' title='bbox 2196 1140 2297 1178; x_wconf 85' lang='lat' dir='ltr'>sicut</span> 
     </span>
     <span class='ocr_line' id='line_1_54' title="bbox 1251 1194 2295 1242; baseline -0.01 -2"><span class='ocrx_word' id='word_1_381' title='bbox 1251 1204 1286 1240; x_wconf 92' lang='lat' dir='ltr'><strong>B</strong></span> <span class='ocrx_word' id='word_1_382' title='bbox 1311 1203 1343 1241; x_wconf 92' lang='lat' dir='ltr'>C</span> <span class='ocrx_word' id='word_1_383' title='bbox 1364 1202 1443 1239; x_wconf 88' lang='lat' dir='ltr'>sive</span> <span class='ocrx_word' id='word_1_384' title='bbox 1466 1202 1508 1238; x_wconf 83' lang='lat' dir='ltr'>M</span> <span class='ocrx_word' id='word_1_385' title='bbox 1531 1199 1581 1238; x_wconf 88' lang='lat' dir='ltr'>ad</span> <span class='ocrx_word' id='word_1_386' title='bbox 1662 1200 1699 1237; x_wconf 88' lang='lat' dir='ltr'><strong>E</strong></span> <span class='ocrx_word' id='word_1_387' title='bbox 1723 1198 1767 1242; x_wconf 94' lang='lat' dir='ltr'>F,</span> <span class='ocrx_word' id='word_1_388' title='bbox 1799 1196 1905 1234; x_wconf 90' lang='lat' dir='ltr'>unde</span> <span class='ocrx_word' id='word_1_389' title='bbox 1933 1208 2030 1233; x_wconf 90' lang='lat' dir='ltr'>cum</span> <span class='ocrx_word' id='word_1_390' title='bbox 2048 1194 2098 1233; x_wconf 89' lang='lat' dir='ltr'>sit</span> <span class='ocrx_word' id='word_1_391' title='bbox 2122 1195 2157 1232; x_wconf 91' lang='lat' dir='ltr'><strong>A</strong></span> <span class='ocrx_word' id='word_1_392' title='bbox 2180 1194 2218 1232; x_wconf 88' lang='grc' dir='ltr'><strong>Ε</strong></span> <span class='ocrx_word' id='word_1_393' title='bbox 2237 1209 2295 1230; x_wconf 90' lang='lat'>=</span> 
     </span>
     <span class='ocr_line' id='line_1_55' title="bbox 1249 1247 2295 1307; baseline -0.01 -14"><span class='ocrx_word' id='word_1_394' title='bbox 1249 1257 1287 1293; x_wconf 90' lang='lat' dir='ltr'><strong>A</strong></span> <span class='ocrx_word' id='word_1_395' title='bbox 1311 1256 1345 1293; x_wconf 90' lang='lat' dir='ltr'><strong>B</strong></span> <span class='ocrx_word' id='word_1_396' title='bbox 1366 1255 1419 1307; x_wconf 62' lang='lat' dir='ltr'>-l-</span> <span class='ocrx_word' id='word_1_397' title='bbox 1441 1255 1476 1292; x_wconf 89' lang='grc' dir='ltr'>Β</span> <span class='ocrx_word' id='word_1_398' title='bbox 1502 1254 1564 1300; x_wconf 89' lang='grc' dir='ltr'>Ε;</span> <span class='ocrx_word' id='word_1_399' title='bbox 1594 1253 1718 1303; x_wconf 88' lang='lat' dir='ltr'>sitque</span> <span class='ocrx_word' id='word_1_400' title='bbox 1750 1254 1787 1289; x_wconf 91' lang='lat' dir='ltr'><strong>A</strong></span> <span class='ocrx_word' id='word_1_401' title='bbox 1811 1251 1846 1289; x_wconf 92' lang='lat' dir='ltr'>B</span> <span class='ocrx_word' id='word_1_402' title='bbox 1876 1257 2030 1298; x_wconf 87' lang='lat' dir='ltr'>tempus</span> <span class='ocrx_word' id='word_1_403' title='bbox 2048 1260 2140 1286; x_wconf 89' lang='lat' dir='ltr'>mox</span> <span class='ocrx_word' id='word_1_404' title='bbox 2159 1247 2295 1284; x_wconf 89' lang='lat' dir='ltr'>inven-</span> 
     </span>
     <span class='ocr_line' id='line_1_56' title="bbox 1244 1301 2296 1355; baseline -0.008 -9"><span class='ocrx_word' id='word_1_405' title='bbox 1244 1316 1342 1354; x_wconf 89' lang='lat' dir='ltr'>tum,</span> <span class='ocrx_word' id='word_1_406' title='bbox 1376 1310 1410 1346; x_wconf 91' lang='lat' dir='ltr'><strong>B</strong></span> <span class='ocrx_word' id='word_1_407' title='bbox 1435 1309 1471 1345; x_wconf 92' lang='lat' dir='ltr'>E</span> <span class='ocrx_word' id='word_1_408' title='bbox 1492 1318 1645 1355; x_wconf 86' lang='lat' dir='ltr'>tempus</span> <span class='ocrx_word' id='word_1_409' title='bbox 1664 1311 1916 1352; x_wconf 89' lang='lat' dir='ltr'>assumptum,</span> <span class='ocrx_word' id='word_1_410' title='bbox 1943 1304 1979 1341; x_wconf 92' lang='lat' dir='ltr'>B</span> <span class='ocrx_word' id='word_1_411' title='bbox 2004 1303 2036 1342; x_wconf 91' lang='lat' dir='ltr'>C</span> <span class='ocrx_word' id='word_1_412' title='bbox 2056 1302 2136 1339; x_wconf 88' lang='lat' dir='ltr'>sive</span> <span class='ocrx_word' id='word_1_413' title='bbox 2162 1301 2211 1339; x_wconf 89' lang='lat' dir='ltr'>M</span> <span class='ocrx_word' id='word_1_414' title='bbox 2230 1313 2296 1339; x_wconf 87' lang='lat' dir='ltr'>ve·</span> 
     </span>
     <span class='ocr_line' id='line_1_57' title="bbox 1246 1358 1896 1408; baseline -0.006 -9"><span class='ocrx_word' id='word_1_415' title='bbox 1246 1362 1381 1400; x_wconf 88' lang='lat' dir='ltr'>locitas</span> <span class='ocrx_word' id='word_1_416' title='bbox 1400 1363 1500 1408; x_wconf 86' lang='lat' dir='ltr'>data,</span> <span class='ocrx_word' id='word_1_417' title='bbox 1523 1360 1639 1398; x_wconf 88' lang='lat' dir='ltr'>datur</span> <span class='ocrx_word' id='word_1_418' title='bbox 1652 1360 1766 1397; x_wconf 89' lang='lat' dir='ltr'>etiam</span> <span class='ocrx_word' id='word_1_419' title='bbox 1789 1359 1826 1395; x_wconf 89' lang='lat' dir='ltr'><strong>E</strong></span> <span class='ocrx_word' id='word_1_420' title='bbox 1852 1358 1896 1396; x_wconf 90' lang='lat' dir='ltr'>F.</span> 
     </span>
    </p>

    <p class='ocr_par' dir='ltr' id='par_1_15' title="bbox 1246 1407 2296 1572">
     <span class='ocr_line' id='line_1_58' title="bbox 1305 1407 2296 1463; baseline -0.009 -10"><span class='ocrx_word' id='word_1_421' title='bbox 1305 1417 1434 1453; x_wconf 89' lang='lat' dir='ltr'>Datur</span> <span class='ocrx_word' id='word_1_422' title='bbox 1454 1414 1594 1463; x_wconf 87' lang='lat' dir='ltr'>pariter</span> <span class='ocrx_word' id='word_1_423' title='bbox 1612 1412 1827 1450; x_wconf 85' lang='lat' dir='ltr'>resistentia</span> <span class='ocrx_word' id='word_1_424' title='bbox 1844 1411 1878 1449; x_wconf 94' lang='lat' dir='ltr'><strong>B</strong></span> <span class='ocrx_word' id='word_1_425' title='bbox 1903 1409 1959 1454; x_wconf 89' lang='lat' dir='ltr'>H,</span> <span class='ocrx_word' id='word_1_426' title='bbox 1981 1416 2038 1447; x_wconf 89' lang='lat' dir='ltr'>est</span> <span class='ocrx_word' id='word_1_427' title='bbox 2056 1407 2160 1446; x_wconf 90' lang='lat' dir='ltr'>enim</span> <span class='ocrx_word' id='word_1_428' title='bbox 2177 1407 2211 1445; x_wconf 94' lang='grc' dir='ltr'>Β</span> <span class='ocrx_word' id='word_1_429' title='bbox 2228 1407 2260 1446; x_wconf 92' lang='lat' dir='ltr'>C</span> <span class='ocrx_word' id='word_1_430' title='bbox 2276 1408 2296 1430; x_wconf 85' lang='lat'>²</span> 
     </span>
     <span class='ocr_line' id='line_1_59' title="bbox 1246 1461 2294 1508; baseline -0.007 -1"><span class='ocrx_word' id='word_1_431' title='bbox 1246 1468 1296 1507; x_wconf 88' lang='lat' dir='ltr'>ad</span> <span class='ocrx_word' id='word_1_432' title='bbox 1318 1469 1354 1505; x_wconf 87' lang='grc' dir='ltr'><strong>Ε</strong></span> <span class='ocrx_word' id='word_1_433' title='bbox 1380 1468 1413 1506; x_wconf 91' lang='lat' dir='ltr'>F</span> <span class='ocrx_word' id='word_1_434' title='bbox 1431 1470 1450 1491; x_wconf 88' lang='lat'>2</span> <span class='ocrx_word' id='word_1_435' title='bbox 1471 1476 1515 1505; x_wconf 89' lang='lat' dir='ltr'>ut</span> <span class='ocrx_word' id='word_1_436' title='bbox 1539 1468 1577 1505; x_wconf 91' lang='lat' dir='ltr'><strong>R</strong></span> <span class='ocrx_word' id='word_1_437' title='bbox 1604 1466 1653 1504; x_wconf 91' lang='lat' dir='ltr'>ad</span> <span class='ocrx_word' id='word_1_438' title='bbox 1680 1467 1824 1503; x_wconf 91' lang='lat' dir='ltr'>hancce</span> <span class='ocrx_word' id='word_1_439' title='bbox 1852 1475 1994 1501; x_wconf 86' lang='lat' dir='ltr'>novam</span> <span class='ocrx_word' id='word_1_440' title='bbox 2026 1461 2294 1508; x_wconf 86' lang='lat' dir='ltr'>resistentiam,</span> 
     </span>
     <span class='ocr_line' id='line_1_60' title="bbox 1247 1517 2011 1572; baseline -0.008 -13"><span class='ocrx_word' id='word_1_441' title='bbox 1247 1535 1347 1572; x_wconf 89' lang='lat' dir='ltr'>quae,</span> <span class='ocrx_word' id='word_1_442' title='bbox 1368 1521 1559 1569; x_wconf 82' lang='lat' dir='ltr'>prioribus</span> <span class='ocrx_word' id='word_1_443' title='bbox 1577 1520 1686 1565; x_wconf 86' lang='lat' dir='ltr'>datis,</span> <span class='ocrx_word' id='word_1_444' title='bbox 1707 1520 1824 1557; x_wconf 86' lang='lat' dir='ltr'>etiam</span> <span class='ocrx_word' id='word_1_445' title='bbox 1843 1517 2011 1554; x_wconf 90' lang='lat' dir='ltr'>dabitur.</span> 
     </span>
    </p>

    <p class='ocr_par' dir='ltr' id='par_1_16' title="bbox 1247 1568 2302 1996">
     <span class='ocr_line' id='line_1_61' title="bbox 1305 1568 2294 1624; baseline -0.007 -12"><span class='ocrx_word' id='word_1_446' title='bbox 1305 1575 1488 1624; x_wconf 88' lang='lat' dir='ltr'>Denique</span> <span class='ocrx_word' id='word_1_447' title='bbox 1508 1576 1622 1621; x_wconf 80' lang='lat' dir='ltr'>datur</span> <span class='ocrx_word' id='word_1_448' title='bbox 1640 1575 1807 1620; x_wconf 85' lang='lat' dir='ltr'>spatium</span> <span class='ocrx_word' id='word_1_449' title='bbox 1827 1584 1850 1608; x_wconf 88' lang='lat' dir='ltr'>a</span> <span class='ocrx_word' id='word_1_450' title='bbox 1867 1582 2025 1618; x_wconf 90' lang='lat' dir='ltr'>corpore</span> <span class='ocrx_word' id='word_1_451' title='bbox 2044 1568 2294 1617; x_wconf 89' lang='lat' dir='ltr'>descriptum,</span> 
     </span>
     <span class='ocr_line' id='line_1_62' title="bbox 1247 1621 2297 1675; baseline -0.007 -10"><span class='ocrx_word' id='word_1_452' title='bbox 1247 1627 1363 1665; x_wconf 89' lang='lat' dir='ltr'>datur</span> <span class='ocrx_word' id='word_1_453' title='bbox 1381 1630 1486 1663; x_wconf 90' lang='lat' dir='ltr'>enim</span> <span class='ocrx_word' id='word_1_454' title='bbox 1506 1627 1674 1675; x_wconf 89' lang='lat' dir='ltr'>spatium</span> <span class='ocrx_word' id='word_1_455' title='bbox 1693 1624 1798 1675; x_wconf 93' lang='lat' dir='ltr'>quod</span> <span class='ocrx_word' id='word_1_456' title='bbox 1817 1623 2018 1661; x_wconf 88' lang='lat' dir='ltr'>velocitate</span> <span class='ocrx_word' id='word_1_457' title='bbox 2037 1622 2227 1660; x_wconf 86' lang='lat' dir='ltr'>constanti</span> <span class='ocrx_word' id='word_1_458' title='bbox 2249 1621 2297 1659; x_wconf 91' lang='lat' dir='ltr'>M</span> 
     </span>
     <span class='ocr_line' id='line_1_63' title="bbox 1248 1674 2297 1728; baseline -0.005 -11"><span class='ocrx_word' id='word_1_459' title='bbox 1248 1688 1420 1728; x_wconf 88' lang='lat' dir='ltr'>tempore</span> <span class='ocrx_word' id='word_1_460' title='bbox 1439 1681 1473 1717; x_wconf 92' lang='lat' dir='ltr'>B</span> <span class='ocrx_word' id='word_1_461' title='bbox 1492 1681 1528 1716; x_wconf 92' lang='lat' dir='ltr'>E</span> <span class='ocrx_word' id='word_1_462' title='bbox 1545 1679 1778 1727; x_wconf 88' lang='lat' dir='ltr'>percurritur</span> <span class='ocrx_word' id='word_1_463' title='bbox 1788 1692 1800 1724; x_wconf 86' lang='lat'>3</span> <span class='ocrx_word' id='word_1_464' title='bbox 1821 1684 1879 1714; x_wconf 87' lang='lat' dir='ltr'>est</span> <span class='ocrx_word' id='word_1_465' title='bbox 1893 1674 1982 1713; x_wconf 74' lang='lat' dir='ltr'>vero</span> <span class='ocrx_word' id='word_1_466' title='bbox 1996 1688 2084 1713; x_wconf 84' lang='lat' dir='ltr'>area</span> <span class='ocrx_word' id='word_1_467' title='bbox 2098 1676 2133 1713; x_wconf 89' lang='lat' dir='ltr'>B</span> <span class='ocrx_word' id='word_1_468' title='bbox 2150 1676 2182 1713; x_wconf 89' lang='lat' dir='ltr'>C</span> <span class='ocrx_word' id='word_1_469' title='bbox 2203 1675 2241 1713; x_wconf 94' lang='lat' dir='ltr'>G</span> <span class='ocrx_word' id='word_1_470' title='bbox 2259 1674 2297 1712; x_wconf 88' lang='lat' dir='ltr'><strong>E</strong></span> 
     </span>
     <span class='ocr_line' id='line_1_64' title="bbox 1249 1729 2299 1782; baseline -0.005 -12"><span class='ocrx_word' id='word_1_471' title='bbox 1249 1733 1298 1770; x_wconf 90' lang='lat' dir='ltr'>ad</span> <span class='ocrx_word' id='word_1_472' title='bbox 1316 1734 1482 1782; x_wconf 84' lang='lat' dir='ltr'>spatium</span> <span class='ocrx_word' id='word_1_473' title='bbox 1502 1731 1792 1782; x_wconf 86' lang='lat' dir='ltr'>hyperbolicum</span> <span class='ocrx_word' id='word_1_474' title='bbox 1815 1731 1850 1768; x_wconf 91' lang='lat' dir='ltr'>B</span> <span class='ocrx_word' id='word_1_475' title='bbox 1875 1730 1907 1768; x_wconf 94' lang='lat' dir='ltr'>C</span> <span class='ocrx_word' id='word_1_476' title='bbox 1931 1729 1964 1767; x_wconf 94' lang='lat' dir='ltr'>F</span> <span class='ocrx_word' id='word_1_477' title='bbox 1988 1729 2038 1772; x_wconf 90' lang='lat' dir='ltr'>E,</span> <span class='ocrx_word' id='word_1_478' title='bbox 2066 1736 2112 1766; x_wconf 89' lang='lat' dir='ltr'>ut</span> <span class='ocrx_word' id='word_1_479' title='bbox 2130 1729 2299 1777; x_wconf 85' lang='lat' dir='ltr'>spatium</span> 
     </span>
     <span class='ocr_line' id='line_1_65' title="bbox 1249 1783 2297 1832; baseline -0.006 -8"><span class='ocrx_word' id='word_1_480' title='bbox 1249 1787 1450 1824; x_wconf 87' lang='lat' dir='ltr'>velocitate</span> <span class='ocrx_word' id='word_1_481' title='bbox 1478 1784 1669 1823; x_wconf 88' lang='lat' dir='ltr'>constanti</span> <span class='ocrx_word' id='word_1_482' title='bbox 1690 1785 1736 1822; x_wconf 90' lang='lat' dir='ltr'>M</span> <span class='ocrx_word' id='word_1_483' title='bbox 1753 1792 1925 1832; x_wconf 89' lang='lat' dir='ltr'>tempore</span> <span class='ocrx_word' id='word_1_484' title='bbox 1949 1783 1984 1820; x_wconf 93' lang='lat' dir='ltr'>B</span> <span class='ocrx_word' id='word_1_485' title='bbox 2004 1783 2040 1819; x_wconf 91' lang='grc' dir='ltr'><strong>Ε</strong></span> <span class='ocrx_word' id='word_1_486' title='bbox 2060 1794 2297 1831; x_wconf 90' lang='lat' dir='ltr'>percursum,</span> 
     </span>
     <span class='ocr_line' id='line_1_66' title="bbox 1251 1835 2302 1888; baseline -0.007 -10"><span class='ocrx_word' id='word_1_487' title='bbox 1251 1840 1300 1878; x_wconf 87' lang='lat' dir='ltr'>ad</span> <span class='ocrx_word' id='word_1_488' title='bbox 1318 1840 1486 1888; x_wconf 91' lang='lat' dir='ltr'>spatium</span> <span class='ocrx_word' id='word_1_489' title='bbox 1512 1850 1739 1887; x_wconf 89' lang='lat' dir='ltr'>percursum</span> <span class='ocrx_word' id='word_1_490' title='bbox 1766 1850 1856 1874; x_wconf 91' lang='lat' dir='ltr'>cum</span> <span class='ocrx_word' id='word_1_491' title='bbox 1884 1835 2082 1874; x_wconf 85' lang='lat' dir='ltr'>velocitate</span> <span class='ocrx_word' id='word_1_492' title='bbox 2101 1848 2169 1884; x_wconf 90' lang='lat' dir='ltr'>per</span> <span class='ocrx_word' id='word_1_493' title='bbox 2186 1836 2302 1872; x_wconf 72' lang='lat' dir='ltr'>resis-&#39;</span> 
     </span>
     <span class='ocr_line' id='line_1_67' title="bbox 1251 1889 2301 1940; baseline -0.005 -10"><span class='ocrx_word' id='word_1_494' title='bbox 1251 1893 1412 1931; x_wconf 88' lang='lat' dir='ltr'>tentiam</span> <span class='ocrx_word' id='word_1_495' title='bbox 1431 1892 1684 1937; x_wconf 87' lang='lat' dir='ltr'>decrescente,</span> <span class='ocrx_word' id='word_1_496' title='bbox 1705 1898 1744 1929; x_wconf 91' lang='lat' dir='ltr'>at</span> <span class='ocrx_word' id='word_1_497' title='bbox 1758 1903 1806 1928; x_wconf 86' lang='lat' dir='ltr'>ex</span> <span class='ocrx_word' id='word_1_498' title='bbox 1821 1889 1958 1927; x_wconf 70' lang='lat' dir='ltr'>natura</span> <span class='ocrx_word' id='word_1_499' title='bbox 1978 1889 2301 1940; x_wconf 84' lang='lat' dir='ltr'>logarithmorum</span> 
     </span>
     <span class='ocr_line' id='line_1_68' title="bbox 1249 1942 2298 1996; baseline -0.003 -13"><span class='ocrx_word' id='word_1_500' title='bbox 1249 1946 1584 1996; x_wconf 89' lang='lat' dir='ltr'>hyperbolicorum</span> <span class='ocrx_word' id='word_1_501' title='bbox 1602 1945 1770 1994; x_wconf 89' lang='lat' dir='ltr'>spatium</span> <span class='ocrx_word' id='word_1_502' title='bbox 1789 1942 2084 1993; x_wconf 89' lang='lat' dir='ltr'>hyperbolicum</span> <span class='ocrx_word' id='word_1_503' title='bbox 2102 1943 2137 1980; x_wconf 94' lang='lat' dir='ltr'><strong>B</strong></span> <span class='ocrx_word' id='word_1_504' title='bbox 2157 1942 2190 1980; x_wconf 90' lang='lat' dir='ltr'>C</span> <span class='ocrx_word' id='word_1_505' title='bbox 2209 1942 2243 1980; x_wconf 92' lang='lat' dir='ltr'>F</span> <span class='ocrx_word' id='word_1_506' title='bbox 2259 1942 2298 1980; x_wconf 84' lang='lat' dir='ltr'>E</span> 
     </span>
    </p>
   </div>
   <div class='ocr_carea' id='block_1_13' title="bbox 1250 2027 2301 2101">
    <p class='ocr_par' dir='ltr' id='par_1_17' title="bbox 1250 2027 2301 2101">
     <span class='ocr_line' id='line_1_69' title="bbox 1250 2027 2301 2101; baseline -0.005 -32"><span class='ocrx_word' id='word_1_507' title='bbox 1250 2038 1309 2069; x_wconf 87' lang='lat' dir='ltr'>est</span> <span class='ocrx_word' id='word_1_508' title='bbox 1340 2031 1595 2082; x_wconf 88' lang='lat' dir='ltr'>logarithmus</span> <span class='ocrx_word' id='word_1_509' title='bbox 1621 2029 1845 2081; x_wconf 86' lang='lat' dir='ltr'>quantitatis</span> <span class='ocrx_word' id='word_1_510' title='bbox 1874 2051 1987 2101; x_wconf 60' lang='lat' dir='ltr'>K—fi,</span> <span class='ocrx_word' id='word_1_511' title='bbox 2018 2035 2057 2066; x_wconf 90' lang='lat' dir='ltr'>et</span> <span class='ocrx_word' id='word_1_512' title='bbox 2082 2027 2174 2078; x_wconf 90' lang='lat' dir='ltr'>quia</span> <span class='ocrx_word' id='word_1_513' title='bbox 2192 2027 2301 2081; x_wconf 78' lang='lat' dir='ltr'>loga-</span> 
     </span>
    </p>
   </div>
   <div class='ocr_carea' id='block_1_14' title="bbox 1248 2113 2302 2501">
    <p class='ocr_par' dir='ltr' id='par_1_18' title="bbox 1248 2113 2302 2501">
     <span class='ocr_line' id='line_1_70' title="bbox 1250 2113 2299 2167; baseline -0.003 -12"><span class='ocrx_word' id='word_1_514' title='bbox 1250 2116 1381 2155; x_wconf 90' lang='lat' dir='ltr'>rithmi</span> <span class='ocrx_word' id='word_1_515' title='bbox 1405 2117 1629 2156; x_wconf 86' lang='lat' dir='ltr'>earumdem</span> <span class='ocrx_word' id='word_1_516' title='bbox 1656 2115 1916 2167; x_wconf 85' lang='lat' dir='ltr'>quantitatum</span> <span class='ocrx_word' id='word_1_517' title='bbox 1943 2115 1986 2153; x_wconf 84' lang='lat' dir='ltr'>iu</span> <span class='ocrx_word' id='word_1_518' title='bbox 2012 2113 2170 2152; x_wconf 89' lang='lat' dir='ltr'>diversis</span> <span class='ocrx_word' id='word_1_519' title='bbox 2187 2113 2299 2165; x_wconf 83' lang='lat' dir='ltr'>loga-</span> 
     </span>
     <span class='ocr_line' id='line_1_71' title="bbox 1249 2167 2296 2218; baseline -0.003 -9"><span class='ocrx_word' id='word_1_520' title='bbox 1249 2171 1481 2210; x_wconf 84' lang='lat' dir='ltr'>rithmorum</span> <span class='ocrx_word' id='word_1_521' title='bbox 1507 2171 1677 2209; x_wconf 88' lang='lat' dir='ltr'>seriebus</span> <span class='ocrx_word' id='word_1_522' title='bbox 1703 2170 1849 2218; x_wconf 89' lang='lat' dir='ltr'>sumpti</span> <span class='ocrx_word' id='word_1_523' title='bbox 1868 2177 1960 2208; x_wconf 87' lang='lat' dir='ltr'>sunt</span> <span class='ocrx_word' id='word_1_524' title='bbox 1978 2167 2296 2218; x_wconf 84' lang='lat' dir='ltr'>proportionales,</span> 
     </span>
     <span class='ocr_line' id='line_1_72' title="bbox 2132 2252 2302 2325; baseline 0.006 -1"><span class='ocrx_word' id='word_1_525' title='bbox 2132 2275 2231 2325; x_wconf 60' lang='lat' dir='ltr'><strong>ff</strong></span> <span class='ocrx_word' id='word_1_526' title='bbox 2258 2252 2302 2291; x_wconf 56' lang='lat'>1¹¹</span> 
     </span>
     <span class='ocr_line' id='line_1_73' title="bbox 1248 2336 2297 2393; baseline -0.004 -12"><span class='ocrx_word' id='word_1_527' title='bbox 1248 2343 1389 2381; x_wconf 85' lang='lat' dir='ltr'>tabulis</span> <span class='ocrx_word' id='word_1_528' title='bbox 1432 2342 1667 2393; x_wconf 88' lang='lat' dir='ltr'>vulgaribus,</span> <span class='ocrx_word' id='word_1_529' title='bbox 1702 2336 1846 2392; x_wconf 84' lang='lat' dir='ltr'>fiatque</span> <span class='ocrx_word' id='word_1_530' title='bbox 1872 2349 1919 2379; x_wconf 93' lang='lat' dir='ltr'>ut</span> <span class='ocrx_word' id='word_1_531' title='bbox 1945 2340 2203 2392; x_wconf 87' lang='lat' dir='ltr'>logarithmus</span> <span class='ocrx_word' id='word_1_532' title='bbox 2229 2339 2297 2377; x_wconf 89' lang='lat' dir='ltr'>de-</span> 
     </span>
     <span class='ocr_line' id='line_1_74' title="bbox 1248 2393 2300 2446; baseline -0.001 -13"><span class='ocrx_word' id='word_1_533' title='bbox 1248 2397 1347 2434; x_wconf 88' lang='lat' dir='ltr'>narii</span> <span class='ocrx_word' id='word_1_534' title='bbox 1360 2396 1512 2434; x_wconf 89' lang='lat' dir='ltr'>numeri</span> <span class='ocrx_word' id='word_1_535' title='bbox 1524 2396 1565 2432; x_wconf 90' lang='lat' dir='ltr'>in</span> <span class='ocrx_word' id='word_1_536' title='bbox 1577 2395 1718 2433; x_wconf 89' lang='lat' dir='ltr'>tabulis</span> <span class='ocrx_word' id='word_1_537' title='bbox 1729 2395 1826 2446; x_wconf 90' lang='lat' dir='ltr'>(sive</span> <span class='ocrx_word' id='word_1_538' title='bbox 1834 2393 2033 2443; x_wconf 88' lang='lat' dir='ltr'>unitas)ad</span> <span class='ocrx_word' id='word_1_539' title='bbox 2045 2399 2079 2431; x_wconf 84' lang='lat'>2.</span> <span class='ocrx_word' id='word_1_540' title='bbox 2089 2397 2300 2432; x_wconf 79' lang='grc'>30258509</span> 
     </span>
     <span class='ocr_line' id='line_1_75' title="bbox 1249 2446 2300 2501; baseline -0.005 -13"><span class='ocrx_word' id='word_1_541' title='bbox 1249 2450 1318 2500; x_wconf 88' lang='lat' dir='ltr'>qui</span> <span class='ocrx_word' id='word_1_542' title='bbox 1337 2458 1394 2488; x_wconf 90' lang='lat' dir='ltr'>est</span> <span class='ocrx_word' id='word_1_543' title='bbox 1411 2449 1665 2501; x_wconf 64' lang='lat' dir='ltr'>legarithmus</span> <span class='ocrx_word' id='word_1_544' title='bbox 1682 2448 1951 2499; x_wconf 88' lang='lat' dir='ltr'>hyperbolicus</span> <span class='ocrx_word' id='word_1_545' title='bbox 1966 2447 2142 2497; x_wconf 88' lang='lat' dir='ltr'>ejusdem</span> <span class='ocrx_word' id='word_1_546' title='bbox 2153 2446 2300 2484; x_wconf 88' lang='lat' dir='ltr'>denarii</span> 
     </span>
    </p>
   </div>
   <div class='ocr_carea' id='block_1_15' title="bbox 1249 2252 2101 2307">
    <p class='ocr_par' dir='ltr' id='par_1_19' title="bbox 1249 2252 2101 2307">
     <span class='ocr_line' id='line_1_76' title="bbox 1249 2252 2101 2307; baseline -0.004 -12"><span class='ocrx_word' id='word_1_547' title='bbox 1249 2264 1424 2295; x_wconf 84' lang='lat' dir='ltr'>sumatur</span> <span class='ocrx_word' id='word_1_548' title='bbox 1455 2256 1711 2307; x_wconf 86' lang='lat' dir='ltr'>logarithmus</span> <span class='ocrx_word' id='word_1_549' title='bbox 1739 2254 1845 2303; x_wconf 88' lang='lat' dir='ltr'>illius</span> <span class='ocrx_word' id='word_1_550' title='bbox 1876 2252 2101 2306; x_wconf 83' lang='lat' dir='ltr'>quantitatis</span> 
     </span>
    </p>
   </div>
   <div class='ocr_carea' id='block_1_16' title="bbox 1249 2501 2298 2605">
    <p class='ocr_par' dir='ltr' id='par_1_20' title="bbox 1249 2501 2298 2605">
     <span class='ocr_line' id='line_1_77' title="bbox 1249 2501 2298 2605; baseline -0.003 -33"><span class='ocrx_word' id='word_1_551' title='bbox 1249 2534 1417 2582; x_wconf 87' lang='lat' dir='ltr'>numeri,</span> <span class='ocrx_word' id='word_1_552' title='bbox 1443 2535 1498 2573; x_wconf 88' lang='lat' dir='ltr'>ita</span> <span class='ocrx_word' id='word_1_553' title='bbox 1523 2533 1699 2585; x_wconf 87' lang='lat' dir='ltr'>logarith.</span> <span class='ocrx_word' id='word_1_554' title='bbox 1717 2533 1941 2584; x_wconf 86' lang='lat' dir='ltr'>quantitatis</span> <span class='ocrx_word' id='word_1_555' title='bbox 1962 2501 2062 2605; x_wconf 34' lang='lat' dir='ltr'>‘Fi&#39;ss</span> <span class='ocrx_word' id='word_1_556' title='bbox 2082 2545 2129 2570; x_wconf 84' lang='lat' dir='ltr'>ex</span> <span class='ocrx_word' id='word_1_557' title='bbox 2153 2531 2298 2570; x_wconf 89' lang='lat' dir='ltr'>tabulis</span> 
     </span>
    </p>
   </div>
   <div class='ocr_carea' id='block_1_17' title="bbox 1250 2618 2301 2670">
    <p class='ocr_par' dir='ltr' id='par_1_21' title="bbox 1250 2618 2301 2670">
     <span class='ocr_line' id='line_1_78' title="bbox 1250 2618 2301 2670; baseline -0.004 -11"><span class='ocrx_word' id='word_1_558' title='bbox 1250 2620 1479 2670; x_wconf 88' lang='lat' dir='ltr'>desumptus</span> <span class='ocrx_word' id='word_1_559' title='bbox 1511 2618 1562 2657; x_wconf 89' lang='lat' dir='ltr'>ad</span> <span class='ocrx_word' id='word_1_560' title='bbox 1592 2620 1869 2670; x_wconf 86' lang='lat' dir='ltr'>logarithmum</span> <span class='ocrx_word' id='word_1_561' title='bbox 1896 2618 2189 2670; x_wconf 87' lang='lat' dir='ltr'>hyperbolicum</span> <span class='ocrx_word' id='word_1_562' title='bbox 2215 2618 2301 2668; x_wconf 88' lang='lat' dir='ltr'>ejus</span> 
     </span>
    </p>
   </div>
   <div class='ocr_carea' id='block_1_18' title="bbox 1251 2669 2299 2761">
    <p class='ocr_par' dir='ltr' id='par_1_22' title="bbox 1251 2669 2299 2761">
     <span class='ocr_line' id='line_1_79' title="bbox 1251 2669 2299 2724; baseline -0.002 -12"><span class='ocrx_word' id='word_1_563' title='bbox 1251 2673 1485 2724; x_wconf 88' lang='lat' dir='ltr'>quantitatis,</span> <span class='ocrx_word' id='word_1_564' title='bbox 1518 2674 1721 2711; x_wconf 89' lang='lat' dir='ltr'>habebitur</span> <span class='ocrx_word' id='word_1_565' title='bbox 1751 2685 1840 2711; x_wconf 86' lang='lat' dir='ltr'>area</span> <span class='ocrx_word' id='word_1_566' title='bbox 1875 2674 1911 2712; x_wconf 94' lang='lat' dir='ltr'><strong>B</strong></span> <span class='ocrx_word' id='word_1_567' title='bbox 1935 2674 1968 2712; x_wconf 89' lang='lat' dir='ltr'>C</span> <span class='ocrx_word' id='word_1_568' title='bbox 1993 2672 2027 2711; x_wconf 91' lang='lat' dir='ltr'>F</span> <span class='ocrx_word' id='word_1_569' title='bbox 2047 2673 2101 2717; x_wconf 90' lang='lat' dir='ltr'>E,</span> <span class='ocrx_word' id='word_1_570' title='bbox 2130 2669 2180 2709; x_wconf 88' lang='lat' dir='ltr'>sit</span> <span class='ocrx_word' id='word_1_571' title='bbox 2206 2683 2299 2723; x_wconf 87' lang='lat' dir='ltr'>ergo</span> 
     </span>
     <span class='ocr_line' id='line_1_80' title="bbox 2185 2728 2203 2761; baseline 0 0"><span class='ocrx_word' id='word_1_572' title='bbox 2185 2728 2203 2761; x_wconf 95' lang='lat' dir='ltr'>l</span> 
     </span>
    </p>
   </div>
   <div class='ocr_carea' id='block_1_19' title="bbox 1250 2791 2303 2927">
    <p class='ocr_par' dir='ltr' id='par_1_23' title="bbox 1250 2791 2303 2927">
     <span class='ocr_line' id='line_1_81' title="bbox 2143 2791 2242 2829; baseline 0 0"><span class='ocrx_word' id='word_1_573' title='bbox 2143 2791 2242 2829; x_wconf 91' lang='lat' dir='ltr'>AB</span> 
     </span>
     <span class='ocr_line' id='line_1_82' title="bbox 1250 2848 2303 2927; baseline -0.001 -11"><span class='ocrx_word' id='word_1_574' title='bbox 1250 2890 1339 2919; x_wconf 84' lang='lat' dir='ltr'>area</span> <span class='ocrx_word' id='word_1_575' title='bbox 1370 2878 1406 2917; x_wconf 93' lang='lat' dir='ltr'><strong>B</strong></span> <span class='ocrx_word' id='word_1_576' title='bbox 1438 2878 1471 2916; x_wconf 91' lang='lat' dir='ltr'>C</span> <span class='ocrx_word' id='word_1_577' title='bbox 1504 2877 1543 2916; x_wconf 91' lang='lat' dir='ltr'>G</span> <span class='ocrx_word' id='word_1_578' title='bbox 1572 2877 1685 2916; x_wconf 83' lang='lat' dir='ltr'>E=</span> <span class='ocrx_word' id='word_1_579' title='bbox 1713 2848 1795 2908; x_wconf 72' lang='lat'>-1-</span> <span class='ocrx_word' id='word_1_580' title='bbox 1830 2879 1874 2924; x_wconf 85' lang='grc'>&gt;&lt;</span> <span class='ocrx_word' id='word_1_581' title='bbox 1908 2877 1945 2916; x_wconf 93' lang='grc' dir='ltr'>Β</span> <span class='ocrx_word' id='word_1_582' title='bbox 1975 2876 2026 2924; x_wconf 86' lang='grc' dir='ltr'>Ε,</span> <span class='ocrx_word' id='word_1_583' title='bbox 2059 2873 2227 2927; x_wconf 72' lang='lat' dir='ltr'>ideoque</span> <span class='ocrx_word' id='word_1_584' title='bbox 2255 2881 2303 2915; x_wconf 85' lang='lat' dir='ltr'>ut</span> 
     </span>
    </p>
   </div>
   <div class='ocr_carea' id='block_1_20' title="bbox 1254 2911 1975 3047">
    <p class='ocr_par' dir='ltr' id='par_1_24' title="bbox 1254 2911 1975 3047">
     <span class='ocr_line' id='line_1_83' title="bbox 1710 2911 1808 2949; baseline -0.01 0"><span class='ocrx_word' id='word_1_585' title='bbox 1710 2912 1749 2949; x_wconf 96' lang='lat' dir='ltr'><strong>A</strong></span> <span class='ocrx_word' id='word_1_586' title='bbox 1772 2911 1808 2948; x_wconf 95' lang='lat' dir='ltr'><strong>B</strong></span> 
     </span>
     <span class='ocr_line' id='line_1_84' title="bbox 1254 2964 1975 3047; baseline 0.008 -20"><span class='ocrx_word' id='word_1_587' title='bbox 1254 2964 1366 3039; x_wconf 54' lang='lat' dir='ltr'>Q,</span> <span class='ocrx_word' id='word_1_588' title='bbox 1388 2995 1436 3033; x_wconf 88' lang='lat' dir='ltr'>ad</span> <span class='ocrx_word' id='word_1_589' title='bbox 1455 2996 1733 3047; x_wconf 86' lang='lat' dir='ltr'>logarithmum</span> <span class='ocrx_word' id='word_1_590' title='bbox 1750 2994 1975 3046; x_wconf 86' lang='lat' dir='ltr'>quantitatis</span> 
     </span>
    </p>
   </div>
   <div class='ocr_carea' id='block_1_21' title="bbox 1256 3032 1354 3068">
    <p class='ocr_par' dir='ltr' id='par_1_25' title="bbox 1256 3032 1354 3068">
     <span class='ocr_line' id='line_1_85' title="bbox 1256 3032 1354 3068; baseline 0 0"><span class='ocrx_word' id='word_1_591' title='bbox 1256 3032 1354 3068; x_wconf 89' lang='lat' dir='ltr'>AB</span> 
     </span>
    </p>
   </div>
   <div class='ocr_carea' id='block_1_22' title="bbox 2137 2776 2244 2785">
    <p class='ocr_par' dir='ltr' id='par_1_26' title="bbox 2137 2776 2244 2785">
     <span class='ocr_line' id='line_1_86' title="bbox 2137 2776 2244 2785; baseline 0 1407"><span class='ocrx_word' id='word_1_592' title='bbox 2137 2776 2244 2785; x_wconf 95' lang='lat' dir='ltr'> </span> 
     </span>
    </p>
   </div>
   <div class='ocr_carea' id='block_1_23' title="bbox 1252 2757 2301 2811">
    <p class='ocr_par' dir='ltr' id='par_1_27' title="bbox 1252 2757 2301 2811">
     <span class='ocr_line' id='line_1_87' title="bbox 1252 2757 2301 2811; baseline -0.002 -14"><span class='ocrx_word' id='word_1_593' title='bbox 1252 2759 1419 2811; x_wconf 83' lang='lat' dir='ltr'>dignitas</span> <span class='ocrx_word' id='word_1_594' title='bbox 1446 2758 1666 2809; x_wconf 84' lang='lat' dir='ltr'>hyperbolae</span> <span class='ocrx_word' id='word_1_595' title='bbox 1693 2774 1750 2795; x_wconf 93' lang='lat'>=</span> <span class='ocrx_word' id='word_1_596' title='bbox 1782 2762 1817 2805; x_wconf 92' lang='lat'>1,</span> <span class='ocrx_word' id='word_1_597' title='bbox 1845 2757 1917 2797; x_wconf 82' lang='lat' dir='ltr'>erit</span> <span class='ocrx_word' id='word_1_598' title='bbox 1947 2759 1983 2797; x_wconf 92' lang='lat' dir='ltr'>B</span> <span class='ocrx_word' id='word_1_599' title='bbox 2008 2758 2040 2798; x_wconf 90' lang='lat' dir='ltr'>C</span> <span class='ocrx_word' id='word_1_600' title='bbox 2058 2773 2116 2795; x_wconf 93' lang='lat'>=</span> <span class='ocrx_word' id='word_1_601' title='bbox 2262 2764 2301 2796; x_wconf 89' lang='lat' dir='ltr'>et</span> 
     </span>
    </p>
   </div>
   <div class='ocr_carea' id='block_1_24' title="bbox 2119 2961 2301 3033">
    <p class='ocr_par' dir='ltr' id='par_1_28' title="bbox 2119 2961 2301 3033">
     <span class='ocr_line' id='line_1_88' title="bbox 2119 2961 2301 3033; baseline -0.011 0"><span class='ocrx_word' id='word_1_602' title='bbox 2119 3007 2142 3033; x_wconf 87' lang='lat' dir='ltr'>e</span> <span class='ocrx_word' id='word_1_603' title='bbox 2159 2961 2301 3033; x_wconf 67' lang='lat' dir='ltr'>tabulis</span> 
     </span>
    </p>
   </div>
   <div class='ocr_carea' id='block_1_25' title="bbox 1994 3018 2102 3026">
    <p class='ocr_par' dir='ltr' id='par_1_29' title="bbox 1994 3018 2102 3026">
     <span class='ocr_line' id='line_1_89' title="bbox 1994 3018 2102 3026; baseline 0 1166"><span class='ocrx_word' id='word_1_604' title='bbox 1994 3018 2102 3026; x_wconf 95' lang='lat' dir='ltr'> </span> 
     </span>
    </p>
   </div>
   <div class='ocr_carea' id='block_1_26' title="bbox 1998 3030 2096 3067">
    <p class='ocr_par' dir='ltr' id='par_1_30' title="bbox 1998 3030 2096 3067">
     <span class='ocr_line' id='line_1_90' title="bbox 1998 3030 2096 3067; baseline 0 0"><span class='ocrx_word' id='word_1_605' title='bbox 1998 3030 2096 3067; x_wconf 93' lang='lat' dir='ltr'>AB</span> 
     </span>
    </p>
   </div>
   <div class='ocr_carea' id='block_1_27' title="bbox 1237 3081 2300 3131">
    <p class='ocr_par' dir='ltr' id='par_1_31' title="bbox 1237 3081 2300 3131">
     <span class='ocr_line' id='line_1_91' title="bbox 1237 3081 2300 3131; baseline 0.001 -12"><span class='ocrx_word' id='word_1_606' title='bbox 1237 3083 1503 3131; x_wconf 22' lang='lat' dir='ltr'>*desumptum</span> <span class='ocrx_word' id='word_1_607' title='bbox 1536 3088 1575 3120; x_wconf 85' lang='lat' dir='ltr'>et</span> <span class='ocrx_word' id='word_1_608' title='bbox 1599 3081 1902 3131; x_wconf 85' lang='lat' dir='ltr'>multiplicatum</span> <span class='ocrx_word' id='word_1_609' title='bbox 1932 3094 2001 3130; x_wconf 86' lang='lat' dir='ltr'>per</span> <span class='ocrx_word' id='word_1_610' title='bbox 2029 3084 2300 3120; x_wconf 67' lang='lat'><strong>230258509.</strong></span> 
     </span>
    </p>
   </div>
   <div class='ocr_carea' id='block_1_28' title="bbox 1254 3134 2307 3930">
    <p class='ocr_par' dir='ltr' id='par_1_32' title="bbox 1254 3134 2307 3930">
     <span class='ocr_line' id='line_1_92' title="bbox 1256 3134 2299 3185; baseline -0.003 -11"><span class='ocrx_word' id='word_1_611' title='bbox 1256 3137 1319 3174; x_wconf 91' lang='lat' dir='ltr'>Ita</span> <span class='ocrx_word' id='word_1_612' title='bbox 1346 3136 1510 3185; x_wconf 87' lang='lat' dir='ltr'>spatium</span> <span class='ocrx_word' id='word_1_613' title='bbox 1543 3134 1742 3173; x_wconf 83' lang='lat' dir='ltr'>velocitate</span> <span class='ocrx_word' id='word_1_614' title='bbox 1769 3134 1959 3173; x_wconf 86' lang='lat' dir='ltr'>constanti</span> <span class='ocrx_word' id='word_1_615' title='bbox 1990 3136 2026 3173; x_wconf 94' lang='lat' dir='ltr'>B</span> <span class='ocrx_word' id='word_1_616' title='bbox 2059 3135 2092 3173; x_wconf 89' lang='lat' dir='ltr'>C</span> <span class='ocrx_word' id='word_1_617' title='bbox 2124 3141 2299 3184; x_wconf 85' lang='lat' dir='ltr'>tempore</span> 
     </span>
     <span class='ocr_line' id='line_1_93' title="bbox 1257 3188 2303 3237; baseline -0.003 -9"><span class='ocrx_word' id='word_1_618' title='bbox 1257 3190 1293 3228; x_wconf 90' lang='lat' dir='ltr'>B</span> <span class='ocrx_word' id='word_1_619' title='bbox 1318 3190 1355 3227; x_wconf 90' lang='grc' dir='ltr'><strong>Ε</strong></span> <span class='ocrx_word' id='word_1_620' title='bbox 1381 3200 1616 3237; x_wconf 88' lang='lat' dir='ltr'>percursum,</span> <span class='ocrx_word' id='word_1_621' title='bbox 1637 3189 1685 3226; x_wconf 89' lang='lat' dir='ltr'>ad</span> <span class='ocrx_word' id='word_1_622' title='bbox 1704 3188 1871 3237; x_wconf 84' lang='lat' dir='ltr'>spatium</span> <span class='ocrx_word' id='word_1_623' title='bbox 1888 3200 2114 3237; x_wconf 89' lang='lat' dir='ltr'>percursum</span> <span class='ocrx_word' id='word_1_624' title='bbox 2128 3199 2219 3225; x_wconf 90' lang='lat' dir='ltr'>cum</span> <span class='ocrx_word' id='word_1_625' title='bbox 2238 3200 2303 3225; x_wconf 89' lang='lat' dir='ltr'>ve-</span> 
     </span>
     <span class='ocr_line' id='line_1_94' title="bbox 1254 3240 2243 3291; baseline -0.003 -10"><span class='ocrx_word' id='word_1_626' title='bbox 1254 3242 1408 3281; x_wconf 88' lang='lat' dir='ltr'>locitate</span> <span class='ocrx_word' id='word_1_627' title='bbox 1427 3254 1494 3291; x_wconf 89' lang='lat' dir='ltr'>per</span> <span class='ocrx_word' id='word_1_628' title='bbox 1511 3241 1764 3279; x_wconf 86' lang='lat' dir='ltr'>resistentiam</span> <span class='ocrx_word' id='word_1_629' title='bbox 1783 3240 2035 3280; x_wconf 87' lang='lat' dir='ltr'>decrescente.</span> <span class='ocrx_word' id='word_1_630' title='bbox 2085 3241 2137 3286; x_wconf 82' lang='lat' dir='ltr'>Q.</span> <span class='ocrx_word' id='word_1_631' title='bbox 2161 3253 2196 3279; x_wconf 89' lang='lat' dir='ltr'>e.</span> <span class='ocrx_word' id='word_1_632' title='bbox 2218 3240 2243 3278; x_wconf 90' lang='lat' dir='ltr'>i.</span> 
     </span>
     <span class='ocr_line' id='line_1_95' title="bbox 1311 3294 2298 3347; baseline -0.004 -13"><span class='ocrx_word' id='word_1_633' title='bbox 1311 3295 1371 3347; x_wconf 77' lang='lat'>(²)</span> <span class='ocrx_word' id='word_1_634' title='bbox 1393 3298 1415 3320; x_wconf 71' lang='lat'>³¹¹</span> <span class='ocrx_word' id='word_1_635' title='bbox 1440 3297 1556 3334; x_wconf 85' lang='lat' dir='ltr'>Corol.</span> <span class='ocrx_word' id='word_1_636' title='bbox 1580 3298 1618 3331; x_wconf 87' lang='lat'>4.</span> <span class='ocrx_word' id='word_1_637' title='bbox 1635 3309 1647 3341; x_wconf 93' lang='lat'>;</span> <span class='ocrx_word' id='word_1_638' title='bbox 1669 3298 1691 3319; x_wconf 63' lang='lat'>²*</span> <span class='ocrx_word' id='word_1_639' title='bbox 1709 3307 1799 3332; x_wconf 90' lang='lat' dir='ltr'>cum</span> <span class='ocrx_word' id='word_1_640' title='bbox 1812 3294 1952 3345; x_wconf 90' lang='lat' dir='ltr'>globus</span> <span class='ocrx_word' id='word_1_641' title='bbox 1962 3302 2001 3333; x_wconf 88' lang='lat' dir='ltr'>et</span> <span class='ocrx_word' id='word_1_642' title='bbox 2014 3294 2182 3332; x_wconf 86' lang='lat' dir='ltr'>fluidum</span> <span class='ocrx_word' id='word_1_643' title='bbox 2196 3294 2298 3344; x_wconf 87' lang='lat' dir='ltr'>ejus-</span> 
     </span>
     <span class='ocr_line' id='line_1_96' title="bbox 1257 3346 2303 3396; baseline -0.003 -9"><span class='ocrx_word' id='word_1_644' title='bbox 1257 3348 1346 3387; x_wconf 88' lang='lat' dir='ltr'>dem</span> <span class='ocrx_word' id='word_1_645' title='bbox 1378 3347 1575 3386; x_wconf 87' lang='lat' dir='ltr'>densitatis</span> <span class='ocrx_word' id='word_1_646' title='bbox 1603 3355 1883 3396; x_wconf 86' lang='lat' dir='ltr'>supponantur,</span> <span class='ocrx_word' id='word_1_647' title='bbox 1916 3348 2130 3387; x_wconf 87' lang='lat' dir='ltr'>resistentia</span> <span class='ocrx_word' id='word_1_648' title='bbox 2160 3347 2235 3385; x_wconf 91' lang='lat' dir='ltr'>isto</span> <span class='ocrx_word' id='word_1_649' title='bbox 2261 3346 2303 3384; x_wconf 89' lang='lat' dir='ltr'>in</span> 
     </span>
     <span class='ocr_line' id='line_1_97' title="bbox 1258 3399 2303 3452; baseline -0.003 -13"><span class='ocrx_word' id='word_1_650' title='bbox 1258 3414 1350 3439; x_wconf 86' lang='lat' dir='ltr'>casu</span> <span class='ocrx_word' id='word_1_651' title='bbox 1368 3402 1439 3439; x_wconf 89' lang='lat' dir='ltr'>erit</span> <span class='ocrx_word' id='word_1_652' title='bbox 1466 3400 1624 3452; x_wconf 88' lang='lat' dir='ltr'>aequalis</span> <span class='ocrx_word' id='word_1_653' title='bbox 1642 3401 1680 3438; x_wconf 88' lang='lat' dir='ltr'>vi</span> <span class='ocrx_word' id='word_1_654' title='bbox 1697 3401 1774 3450; x_wconf 69' lang='lat' dir='ltr'>qua</span> <span class='ocrx_word' id='word_1_655' title='bbox 1791 3408 1896 3439; x_wconf 88' lang='lat' dir='ltr'>totus</span> <span class='ocrx_word' id='word_1_656' title='bbox 1912 3408 2043 3440; x_wconf 89' lang='lat' dir='ltr'>motus</span> <span class='ocrx_word' id='word_1_657' title='bbox 2060 3399 2166 3452; x_wconf 89' lang='lat' dir='ltr'>globi</span> <span class='ocrx_word' id='word_1_658' title='bbox 2184 3411 2303 3450; x_wconf 89' lang='lat' dir='ltr'>gene-</span> 
     </span>
     <span class='ocr_line' id='line_1_98' title="bbox 1258 3451 2303 3504; baseline -0.002 -12"><span class='ocrx_word' id='word_1_659' title='bbox 1258 3455 1334 3492; x_wconf 83' lang='lat' dir='ltr'>rari</span> <span class='ocrx_word' id='word_1_660' title='bbox 1352 3454 1412 3492; x_wconf 89' lang='lat' dir='ltr'>vel</span> <span class='ocrx_word' id='word_1_661' title='bbox 1430 3454 1513 3492; x_wconf 89' lang='lat' dir='ltr'>tolli</span> <span class='ocrx_word' id='word_1_662' title='bbox 1532 3462 1658 3503; x_wconf 82' lang='lat' dir='ltr'>posset</span> <span class='ocrx_word' id='word_1_663' title='bbox 1675 3466 1753 3504; x_wconf 90' lang='lat' dir='ltr'>quo</span> <span class='ocrx_word' id='word_1_664' title='bbox 1771 3462 1942 3503; x_wconf 89' lang='lat' dir='ltr'>tempore</span> <span class='ocrx_word' id='word_1_665' title='bbox 1960 3462 2048 3493; x_wconf 90' lang='lat' dir='ltr'>octo</span> <span class='ocrx_word' id='word_1_666' title='bbox 2065 3454 2194 3492; x_wconf 81' lang='lat' dir='ltr'>tertias</span> <span class='ocrx_word' id='word_1_667' title='bbox 2220 3451 2303 3490; x_wconf 81' lang='lat' dir='ltr'>dia·</span> 
     </span>
     <span class='ocr_line' id='line_1_99' title="bbox 1260 3504 2305 3556; baseline -0.003 -10"><span class='ocrx_word' id='word_1_668' title='bbox 1260 3508 1373 3546; x_wconf 89' lang='lat' dir='ltr'>metri</span> <span class='ocrx_word' id='word_1_669' title='bbox 1409 3520 1490 3545; x_wconf 88' lang='lat' dir='ltr'>suae</span> <span class='ocrx_word' id='word_1_670' title='bbox 1526 3507 1770 3545; x_wconf 88' lang='lat' dir='ltr'>uniformiter</span> <span class='ocrx_word' id='word_1_671' title='bbox 1805 3507 2045 3549; x_wconf 86' lang='lat' dir='ltr'>describeret.</span> <span class='ocrx_word' id='word_1_672' title='bbox 2088 3507 2220 3556; x_wconf 69' lang='lat' dir='ltr'>itaque</span> <span class='ocrx_word' id='word_1_673' title='bbox 2255 3504 2305 3544; x_wconf 78' lang='lat' dir='ltr'>sit</span> 
     </span>
     <span class='ocr_line' id='line_1_100' title="bbox 1264 3557 2304 3611; baseline -0.005 -11"><span class='ocrx_word' id='word_1_674' title='bbox 1264 3561 1299 3600; x_wconf 94' lang='lat' dir='ltr'>B</span> <span class='ocrx_word' id='word_1_675' title='bbox 1324 3562 1356 3600; x_wconf 93' lang='lat' dir='ltr'>C</span> <span class='ocrx_word' id='word_1_676' title='bbox 1375 3570 1506 3599; x_wconf 89' lang='lat' dir='ltr'>motus</span> <span class='ocrx_word' id='word_1_677' title='bbox 1531 3560 1650 3611; x_wconf 90' lang='lat' dir='ltr'>globi,</span> <span class='ocrx_word' id='word_1_678' title='bbox 1680 3561 1751 3598; x_wconf 90' lang='lat' dir='ltr'>erit</span> <span class='ocrx_word' id='word_1_679' title='bbox 1775 3561 1811 3598; x_wconf 92' lang='lat' dir='ltr'><strong>A</strong></span> <span class='ocrx_word' id='word_1_680' title='bbox 1835 3562 1870 3599; x_wconf 93' lang='lat' dir='ltr'>B</span> <span class='ocrx_word' id='word_1_681' title='bbox 1889 3568 2042 3609; x_wconf 91' lang='lat' dir='ltr'>tempus</span> <span class='ocrx_word' id='word_1_682' title='bbox 2058 3571 2137 3611; x_wconf 88' lang='lat' dir='ltr'>quo</span> <span class='ocrx_word' id='word_1_683' title='bbox 2155 3557 2304 3596; x_wconf 87' lang='lat' dir='ltr'>unifor-</span> 
     </span>
     <span class='ocr_line' id='line_1_101' title="bbox 1262 3609 2306 3663; baseline -0.002 -13"><span class='ocrx_word' id='word_1_684' title='bbox 1262 3614 1376 3651; x_wconf 86' lang='lat' dir='ltr'>miter</span> <span class='ocrx_word' id='word_1_685' title='bbox 1404 3622 1640 3663; x_wconf 86' lang='lat' dir='ltr'>percurreret</span> <span class='ocrx_word' id='word_1_686' title='bbox 1666 3621 1754 3652; x_wconf 88' lang='lat' dir='ltr'>octo</span> <span class='ocrx_word' id='word_1_687' title='bbox 1779 3614 1911 3653; x_wconf 85' lang='lat' dir='ltr'>tertias</span> <span class='ocrx_word' id='word_1_688' title='bbox 1937 3626 2018 3652; x_wconf 89' lang='lat' dir='ltr'>suae</span> <span class='ocrx_word' id='word_1_689' title='bbox 2038 3611 2226 3657; x_wconf 84' lang='lat' dir='ltr'>diametri,</span> <span class='ocrx_word' id='word_1_690' title='bbox 2255 3609 2306 3658; x_wconf 84' lang='lat' dir='ltr'>sit</span> 
     </span>
     <span class='ocr_line' id='line_1_102' title="bbox 1270 3663 2306 3717; baseline -0.005 -12"><span class='ocrx_word' id='word_1_691' title='bbox 1270 3667 1307 3705; x_wconf 86' lang='lat' dir='ltr'><strong>E</strong></span> <span class='ocrx_word' id='word_1_692' title='bbox 1338 3667 1382 3713; x_wconf 91' lang='lat' dir='ltr'>F,</span> <span class='ocrx_word' id='word_1_693' title='bbox 1417 3666 1623 3704; x_wconf 90' lang='lat' dir='ltr'>dimidium</span> <span class='ocrx_word' id='word_1_694' title='bbox 1654 3668 1689 3706; x_wconf 92' lang='lat' dir='ltr'><strong>B</strong></span> <span class='ocrx_word' id='word_1_695' title='bbox 1713 3667 1758 3713; x_wconf 94' lang='lat' dir='ltr'>C,</span> <span class='ocrx_word' id='word_1_696' title='bbox 1792 3667 1977 3717; x_wconf 86' lang='lat' dir='ltr'>quoniam</span> <span class='ocrx_word' id='word_1_697' title='bbox 2007 3666 2044 3704; x_wconf 92' lang='lat' dir='ltr'>E</span> <span class='ocrx_word' id='word_1_698' title='bbox 2068 3665 2101 3704; x_wconf 91' lang='lat' dir='ltr'>F</span> <span class='ocrx_word' id='word_1_699' title='bbox 2127 3663 2306 3715; x_wconf 87' lang='lat' dir='ltr'>exprimit</span> 
     </span>
     <span class='ocr_line' id='line_1_103' title="bbox 1262 3715 2307 3769; baseline -0.003 -12"><span class='ocrx_word' id='word_1_700' title='bbox 1262 3720 1461 3758; x_wconf 89' lang='lat' dir='ltr'>residuum</span> <span class='ocrx_word' id='word_1_701' title='bbox 1481 3727 1643 3765; x_wconf 89' lang='lat' dir='ltr'>motum,</span> <span class='ocrx_word' id='word_1_702' title='bbox 1674 3718 1711 3758; x_wconf 88' lang='lat' dir='ltr'>B</span> <span class='ocrx_word' id='word_1_703' title='bbox 1732 3720 1768 3758; x_wconf 90' lang='lat' dir='ltr'>E</span> <span class='ocrx_word' id='word_1_704' title='bbox 1788 3720 1861 3757; x_wconf 90' lang='lat' dir='ltr'>erit</span> <span class='ocrx_word' id='word_1_705' title='bbox 1879 3729 2032 3768; x_wconf 81' lang='lat' dir='ltr'>tempus</span> <span class='ocrx_word' id='word_1_706' title='bbox 2049 3730 2127 3769; x_wconf 91' lang='lat' dir='ltr'>quo</span> <span class='ocrx_word' id='word_1_707' title='bbox 2145 3715 2307 3755; x_wconf 79' lang='lat' dir='ltr'>dimidia</span> 
     </span>
     <span class='ocr_line' id='line_1_104' title="bbox 1262 3769 2307 3822; baseline -0.003 -12"><span class='ocrx_word' id='word_1_708' title='bbox 1262 3785 1350 3822; x_wconf 88' lang='lat' dir='ltr'>pars</span> <span class='ocrx_word' id='word_1_709' title='bbox 1381 3781 1510 3810; x_wconf 88' lang='lat' dir='ltr'>motus</span> <span class='ocrx_word' id='word_1_710' title='bbox 1542 3773 1680 3811; x_wconf 86' lang='lat' dir='ltr'>amissa</span> <span class='ocrx_word' id='word_1_711' title='bbox 1707 3773 1836 3818; x_wconf 89' lang='lat' dir='ltr'>fuerit,</span> <span class='ocrx_word' id='word_1_712' title='bbox 1870 3772 1936 3810; x_wconf 86' lang='lat' dir='ltr'>sed</span> <span class='ocrx_word' id='word_1_713' title='bbox 1960 3773 1994 3810; x_wconf 93' lang='lat' dir='ltr'>B</span> <span class='ocrx_word' id='word_1_714' title='bbox 2020 3772 2053 3810; x_wconf 91' lang='lat' dir='ltr'>C</span> <span class='ocrx_word' id='word_1_715' title='bbox 2070 3770 2120 3809; x_wconf 79' lang='lat' dir='ltr'>ad</span> <span class='ocrx_word' id='word_1_716' title='bbox 2141 3770 2178 3809; x_wconf 89' lang='lat' dir='ltr'><strong>E</strong></span> <span class='ocrx_word' id='word_1_717' title='bbox 2201 3769 2235 3808; x_wconf 91' lang='lat' dir='ltr'>F</span> <span class='ocrx_word' id='word_1_718' title='bbox 2261 3776 2307 3807; x_wconf 91' lang='lat' dir='ltr'>ut</span> 
     </span>
     <span class='ocr_line' id='line_1_105' title="bbox 1266 3823 2307 3872; baseline -0.005 -8"><span class='ocrx_word' id='word_1_719' title='bbox 1266 3825 1488 3864; x_wconf 89' lang='lat' dir='ltr'>AEadA</span> <span class='ocrx_word' id='word_1_720' title='bbox 1515 3826 1741 3865; x_wconf 88' lang='lat' dir='ltr'>BetestB</span> <span class='ocrx_word' id='word_1_721' title='bbox 1767 3824 1926 3863; x_wconf 86' lang='lat' dir='ltr'>CadE</span> <span class='ocrx_word' id='word_1_722' title='bbox 1950 3823 2209 3870; x_wconf 77' lang='lat' dir='ltr'>Fut2ad1‚</span> <span class='ocrx_word' id='word_1_723' title='bbox 2237 3834 2307 3872; x_wconf 90' lang='lat' dir='ltr'>per</span> 
     </span>
     <span class='ocr_line' id='line_1_106' title="bbox 1261 3876 2306 3930; baseline -0.002 -14"><span class='ocrx_word' id='word_1_724' title='bbox 1261 3886 1382 3917; x_wconf 88' lang='lat' dir='ltr'>const.</span> <span class='ocrx_word' id='word_1_725' title='bbox 1402 3891 1494 3930; x_wconf 87' lang='lat' dir='ltr'>ergo</span> <span class='ocrx_word' id='word_1_726' title='bbox 1508 3879 1625 3918; x_wconf 80' lang='lat' dir='ltr'>etiam</span> <span class='ocrx_word' id='word_1_727' title='bbox 1643 3882 1680 3917; x_wconf 91' lang='lat' dir='ltr'><strong>A</strong></span> <span class='ocrx_word' id='word_1_728' title='bbox 1699 3879 1837 3918; x_wconf 80' lang='lat' dir='ltr'>E=2</span> <span class='ocrx_word' id='word_1_729' title='bbox 1855 3878 1894 3917; x_wconf 95' lang='lat' dir='ltr'><strong>A</strong></span> <span class='ocrx_word' id='word_1_730' title='bbox 1911 3878 1946 3917; x_wconf 93' lang='lat' dir='ltr'>B</span> <span class='ocrx_word' id='word_1_731' title='bbox 1959 3885 1999 3917; x_wconf 85' lang='lat' dir='ltr'>et</span> <span class='ocrx_word' id='word_1_732' title='bbox 2015 3878 2051 3916; x_wconf 90' lang='grc' dir='ltr'>Β</span> <span class='ocrx_word' id='word_1_733' title='bbox 2069 3877 2106 3916; x_wconf 90' lang='grc' dir='ltr'><strong>Ε</strong></span> <span class='ocrx_word' id='word_1_734' title='bbox 2120 3893 2178 3914; x_wconf 87' lang='grc'>--</span> <span class='ocrx_word' id='word_1_735' title='bbox 2199 3876 2235 3915; x_wconf 90' lang='lat' dir='ltr'><strong>A</strong></span> <span class='ocrx_word' id='word_1_736' title='bbox 2254 3876 2306 3922; x_wconf 90' lang='lat' dir='ltr'>B,</span> 
     </span>
    </p>
   </div>
  </div>
 </body>
</html>
