2502 4192
155 281 338 333 ann
368 275 638 336 Sisenna]
698 264 1098 322 PRINCIPIA
1139 257 1761 316 MATHEMATICA.
2189 264 2292 310 293

145 417 301 472 XLI.
329 426 380 469 et
407 412 615 478 XLII.)
643 410 923 463 consistere
952 405 1146 477 nequit.
1227 401 1353 456 Soni
1377 400 1501 453 vero
1526 395 1803 469 propterea
1841 396 1981 468 quod
2007 415 2036 448 a
2062 399 2294 467 corpori-

141 511 239 562 bus
277 506 506 561 tremulis
544 504 794 564 oriantur‚
839 498 970 551 nihil
1007 496 1148 548 aliud
1174 505 1294 547 sunt
1319 511 1474 564 quam
1499 491 1631 543 aeris
1664 490 1847 559 pulsus
1888 489 2162 559 propagati
2198 507 2295 558 per

146 602 305 669 Prop.
335 595 552 649 XLIII.
630 592 984 645 Confirmatur
1008 586 1063 638 id
1089 603 1156 638 ex
1180 582 1491 636 tremoribus
1512 598 1640 650 quos
1658 579 1884 630 excitant
1908 578 1962 628 in
1989 578 2293 645 corporibus

143 689 370 760 objectiS,
400 687 443 739 si
467 685 625 737 modo
649 682 978 734 vehementes
1005 677 1107 729 sint
1132 685 1184 727 et
1208 691 1410 746 graveS,
1440 671 1616 741 quales
1637 679 1757 721 sunt
1777 667 1891 720 soni
1907 677 2290 738 tympanorum.

144 780 208 850 (q)
238 779 377 836 Nam
421 786 671 827 tremores
713 769 985 822 celeriores
1023 776 1077 823 et
1111 764 1372 816 breviores
1413 759 1670 813 difficilius
1715 758 2020 812 excitantur.
2100 757 2204 809 Sed
2243 766 2295 809 et

107 935 111 938 ,
142 888 295 923 sonos
323 866 548 938 quosvis,
575 865 629 915 in
655 861 876 914 chordas
901 856 1204 927 corporibus
1232 854 1432 907 sonoris
1470 853 1719 937 unisonas
1753 852 2023 920 impactOS,
2066 848 2292 902 excitare

142 969 391 1013 tremores
441 953 769 1006 notissimum
818 959 910 1002 est.
989 947 1345 1000 Confirmatur
1394 944 1549 996 etiam
1597 961 1665 995 ex
1712 941 1984 993 velocitate
2024 959 2288 992 sonorum.

143 1049 282 1100 Nam
308 1045 426 1097 cum
453 1042 686 1113 pondera
713 1037 954 1109 specifica
979 1054 1128 1106 aquae
1152 1034 1391 1104 pluvialis
1418 1042 1469 1085 et
1494 1032 1695 1103 argenti
1721 1031 1822 1082 vivi
1850 1031 1952 1082 sint
1976 1031 2042 1082 ad
2069 1031 2290 1082 invicem

143 1149 202 1190 ut
231 1145 253 1188 1
289 1135 356 1187 ad
385 1138 484 1201 13}
514 1132 733 1193 circiter,
774 1138 825 1180 et
861 1127 952 1179 ubi
976 1125 1261 1177 mercurius
1298 1123 1353 1173 in
1389 1119 1688 1174 barometro
1726 1119 2049 1171 altitudinem
2087 1120 2294 1190 attingit

143 1228 424 1300 digitorum
451 1223 798 1295 Anglicorum
827 1227 913 1282 30,
954 1217 1161 1287 pondus
1189 1215 1487 1284 specificum
1514 1213 1647 1265 a'eris
1674 1222 1726 1264 et
1750 1229 1900 1282 aquae
1925 1211 2162 1280 pluvialis
2190 1211 2293 1262 sint

141 1318 208 1371 ad
244 1317 464 1368 invicem
501 1323 559 1364 ut
587 1320 610 1363 1
645 1311 712 1363 ad
739 1315 842 1365 870
869 1307 1100 1360 circiter:
1143 1306 1201 1374 (f)
1229 1314 1381 1356 erunt
1414 1303 1650 1372 pondera
1675 1302 1914 1371 specifica
1950 1301 2082 1353 a'eris
2121 1311 2173 1352 et
2209 1319 2292 1351 ar-

140 1407 284 1480 genti
307 1406 409 1457 vivi
435 1415 493 1454 ut
522 1410 544 1453 1
578 1401 646 1453 ad
676 1406 866 1452 11890.
945 1394 1175 1448 Proinde
1201 1412 1321 1445 cum
1345 1392 1565 1444 altitudo
1603 1392 1804 1463 argenti
1841 1391 1945 1442 vivi
1971 1390 2036 1442 sit
2064 1399 2131 1443 30
2159 1390 2291 1460 digi-

141 1508 331 1558 torum,
377 1491 595 1545 altitudo
632 1488 764 1541 a'eris
800 1484 1089 1546 uniformiS,
1133 1483 1276 1552 cujus
1311 1481 1516 1550 pondus
1543 1483 1716 1532 a'e'rem
1742 1490 1977 1531 nostrum
2004 1479 2294 1549 subjectum

142 1583 483 1653 comprimere
506 1588 699 1648 posset,
727 1576 825 1629 erit
852 1579 1063 1630 356700
1084 1571 1383 1643 digitorum,
1413 1589 1501 1622 seu
1520 1570 1711 1639 pedum
1735 1569 2080 1640 Anglicorum
2097 1574 2291 1624 29725.

144 1677 343 1746 Estque
367 1675 483 1725 haec
509 1671 728 1724 altitudo
747 1669 835 1720 illa
854 1669 967 1737 ipsa
991 1684 1147 1737 quam
1166 1666 1220 1715 in
1241 1662 1624 1717 constructione
1644 1660 1924 1729 superioris
1947 1658 2293 1711 Problematis

143 1763 523 1817 nominavimus
552 1761 618 1813 A.
697 1757 893 1811 Circuli
918 1757 1066 1808 radio
1093 1760 1267 1809 29725
1294 1752 1490 1822 pedum
1516 1751 1762 1819 descripti
1802 1750 1858 1819 (⁵)
1882 1748 2296 1801 circumferentia

143 1867 221 1909 est
247 1855 441 1924 pedum
473 1858 700 1907 186768.

145 1967 212 2000 ex
237 1948 313 1999 itu
338 1956 390 1998 et
414 1944 585 1997 reditu
613 1942 949 2011 compositam
969 1949 1204 2008 tempore
1230 1938 1550 1989 minutorum
1576 1936 1800 1988 duorum
1826 1935 2191 1999 secundorum,
2219 1937 2296 1988 uti

145 2045 327 2087 notum
352 2044 445 2096 est,
476 2033 532 2102 (²)
562 2031 823 2092 absolvat3
861 2028 1149 2098 pendulum
1172 2026 1332 2096 pedes
1370 2031 1546 2082 29725
1583 2043 1674 2077 seu
1711 2024 1901 2096 digitos
1943 2024 2296 2080 3567001οη-

143 2142 271 2196 gum
309 2123 373 2192 (¹¹)
401 2120 773 2173 oscillationem
811 2117 1131 2170 consimilem
1166 2126 1400 2185 tempore
1433 2114 1753 2167 minutorum
1780 2113 2127 2165 secundorum
2158 2116 2294 2179 190}

145 2211 412 2264 absolvere
450 2208 676 2261 debebit.
753 2207 836 2258 Eo
871 2206 1031 2277 igitur
1067 2215 1302 2274 tempore
1339 2222 1495 2256 sonus
1532 2201 1919 2275 progrediendo
1958 2203 2025 2269 (Χ)
2054 2203 2296 2255 conficiet

145 2303 307 2373 pedes
338 2306 564 2364 186768,
591 2299 815 2369 ideoque
840 2307 1074 2368 tempore
1097 2296 1283 2348 minuti
1308 2295 1461 2347 unius
1488 2294 1700 2347 secundi
1727 2293 1886 2364 pedes
1915 2299 2035 2350 979.

778 1849 849 1900 Et
874 1847 992 1899 cum
1017 1846 1302 1916 pendulum
1328 1845 1518 1915 digitos
1548 1849 1651 1912 39}
1675 1843 1892 1913 longum
1918 1841 2294 1901 oscillationem

146 2456 376 2511 motumque
390 2459 431 2496 in
448 2456 671 2507 corporibus
682 2468 769 2507 quae
782 2454 998 2494 inflammat
1012 2453 1196 2501 excitans,

147 2526 301 2552 necesse
330 2525 413 2550 esse
434 2511 586 2549 videtur
612 2517 658 2548 ut
684 2523 708 2548 a
733 2509 961 2558 corporibus
992 2507 1197 2545 luminosis

147 2566 374 2605 tenuissima
400 2564 630 2614 corpuscula
650 2562 869 2601 incredibili
885 2562 967 2599 fere
993 2561 1196 2599 velocitate

147 2631 454 2671 quaquaversum
473 2618 713 2655 emittantur.
775 2615 907 2665 Spatia
925 2614 1046 2665 igitur
1064 2614 1197 2652 coeles-

150 2674 216 2718 tia,
249 2686 336 2723 quae
367 2679 560 2709 astrorum
590 2670 769 2708 omnium
800 2669 870 2706 lux
898 2667 1090 2705 immensa
1125 2665 1195 2704 illa

150 2726 342 2764 celeritate
360 2730 541 2773 permeat,
562 2721 724 2761 materia
737 2720 907 2772 quadam
922 2719 1087 2758 aetherea
1100 2719 1195 2758 den-

151 2778 309 2822 sissima,
330 2791 418 2828 quae
437 2776 636 2815 radiorum
653 2775 753 2813 lucis
772 2782 924 2813 motum
936 2773 1191 2823 interciperet,

151 2832 267 2881 plena
290 2843 373 2869 esse
391 2842 471 2868 non
489 2836 665 2888 possunt:

207 2898 264 2952 (q)
287 2903 377 2938 319.
410 2901 432 2923 *
458 2900 569 2937 Nam
587 2904 765 2935 tremores
791 2897 982 2934 celeriores
1000 2902 1035 2933 et
1054 2895 1198 2933 brevio-

152 2967 213 2991 res
230 2953 422 3004 difficilius
441 2953 668 2989 excitantur.
731 2949 903 2997 Corpora
929 2947 1034 2986 enim
1052 2947 1198 2997 majora

154 3013 194 3044 et
211 3006 343 3042 minus
361 3003 517 3042 elastica
542 3002 754 3054 majoribus
771 3001 855 3039 soni
882 3000 1076 3052 gravioris,
1106 3012 1197 3037 cum

155 3071 235 3109 quo
272 3069 483 3096 consonare
520 3063 694 3104 possunt,
733 3054 1010 3093 vibrationibus
1045 3052 1200 3091 facilius

156 3111 433 3150 concutiuntur
451 3116 490 3148 et
509 3116 766 3159 congruenter
778 3107 828 3146 ad
842 3107 1027 3156 pulsuum
1046 3113 1199 3143 motum

156 3165 379 3215 agitantur3
414 3175 507 3200 nam
540 3161 655 3199 debet
686 3174 768 3199 esse
797 3160 994 3209 proportio
1020 3158 1200 3210 quaedam

156 3218 257 3255 inter
275 3216 462 3265 pulsuum
480 3215 577 3254 a'eris
594 3214 839 3253 latitudinem
852 3221 891 3251 et
905 3224 1109 3261 corporum
1129 3211 1200 3249 cir-

157 3270 438 3320 cumjectorum
459 3267 787 3319 magnitudinem,
808 3266 1036 3304 densitatem
1055 3273 1094 3303 et
1120 3264 1200 3301 vim

158 3322 367 3367 elasticarn,
397 3328 444 3359 ut
471 3333 590 3360 sonus
616 3320 665 3358 iis
690 3321 1024 3364 communicetur;
1059 3326 1097 3356 et
1123 3330 1202 3368 quo

158 3376 265 3414 fibrae
291 3374 483 3413 breviores
510 3380 613 3420 sunt,
646 3373 842 3411 tenuiores
860 3380 898 3410 et
917 3371 1041 3423 magis
1067 3378 1200 3416 tensae,

158 3441 206 3467 eo
223 3427 377 3465 facilius
394 3434 510 3465 acuto
527 3438 623 3464 sono
640 3439 709 3464 seu
728 3425 964 3464 brevioribus
990 3424 1087 3463 a'eris
1112 3422 1202 3472 pul-

159 3481 264 3520 sibus
281 3480 476 3531 agitantur
494 3485 534 3517 et
551 3485 810 3518 contremunt.
867 3478 970 3523 Quae
989 3476 1120 3515 omnia
1134 3488 1201 3526 pa-

159 3541 246 3573 tent
262 3546 331 3583 per
348 3539 481 3571 notam
500 3536 591 3571 317.
825 3529 827 3531 ’

216 3618 270 3670 (“’>
289 3621 310 3644 *
328 3620 474 3664 Erunt,
490 3629 538 3655 ex
553 3628 665 3667 aequo
679 3623 718 3655 et
730 3628 799 3665 per
813 3614 1128 3664 compositionem
1142 3625 1202 3650 ra-

161 3671 327 3717 tionum,
347 3670 520 3720 pondera
538 3669 714 3718 specifica
731 3669 809 3707 sive
827 3667 1034 3706 densitates
1052 3667 1149 3704 a'eris
1166 3672 1205 3703 et

163 3724 314 3774 argenti
342 3723 420 3761 vivi
438 3732 484 3761 ut
506 3728 519 3760 1
545 3722 596 3761 ad
618 3726 760 3761 11890.
823 3721 900 3760 Sed
925 3719 1136 3758 fluidorum
1163 3718 1204 3755 in

163 3791 203 3814 se
222 3778 567 3826 homogeneorum,
588 3774 712 3813 cidem
727 3773 809 3814 basi
828 3772 1149 3817 incumbentium,
1170 3778 1207 3809 et

162 3829 204 3867 in
224 3829 440 3879 aequilibrio
460 3828 752 3868 consistentium
782 3826 1006 3866 altitudines
1033 3832 1124 3864 sunt
1147 3825 1206 3863 in-

1251 2449 1358 2491 verse
1378 2459 1422 2490 ut
1440 2451 1646 2490 densitates
1667 2452 1775 2503 (173.
1798 2451 1886 2489 Lib.
1912 2450 1998 2500 ΙΙ.)
2016 2467 2024 2489 :
2057 2460 2114 2489 est
2131 2451 2252 2501 igitur
2274 2452 2291 2486 l

1251 2506 1301 2544 ad
1326 2509 1453 2545 11890
1470 2513 1516 2543 ut
1535 2510 1588 2543 30
1605 2504 1715 2555 digit.
1740 2504 1787 2542 ad
1809 2504 2056 2542 altitudinem
2083 2505 2180 2542 a‘e‘ris
2206 2503 2297 2541 uni-

1248 2559 1383 2597 formis
1401 2559 1469 2610 qui
1489 2571 1581 2597 cum
1603 2563 1655 2596 30
1674 2554 1804 2608 digitis
1822 2557 1972 2608 argenti
1991 2557 2069 2594 vivi
2096 2557 2296 2607 aequipon-

1252 2613 1385 2658 derat;
1440 2619 1479 2649 et
1514 2610 1607 2649 ide&
1653 2610 1818 2648 altitudo
1857 2612 1941 2648 haee
1984 2618 2041 2647 est
2083 2611 2295 2661 digitorum

1249 2669 1421 2711 356700,
1449 2677 1530 2708 seu,
1564 2663 1772 2702 dividendo
1789 2675 1858 2713 per
1881 2668 1942 2711 12,
1976 2663 2121 2713 pedum
2150 2664 2296 2715 Angli-

1249 2730 1385 2757 corum
1405 2722 1549 2757 29725.

1303 2788 1354 2841 (⁸)
1378 2792 1399 2813 ²*
1424 2789 1743 2879 Circurffferentia
1762 2796 1812 2828 est
1826 2791 1969 2838 pedum
1994 2791 2162 2827 186768.
2221 2788 2298 2827 Est

1250 2843 1354 2881 enim
1382 2841 1515 2880 radius
1533 2854 1555 2878 a
1601 2841 1955 2879 circumferentiam
1975 2849 2021 2879 ut
2043 2846 2117 2880 113
2136 2841 2186 2880 ad
2206 2845 2294 2890 710,

1251 2895 1330 2933 sive
1349 2906 1395 2933 ut
1413 2899 1543 2934 29725
1559 2894 1609 2933 ad
1634 2899 1788 2933 186768
1808 2894 1927 2945 quam
1946 2893 2133 2944 proxime.

1307 2966 1359 3018 (t)
1392 2968 1412 2991 ⁸
1444 2967 1631 3004 Absolvat.
1694 2965 1920 3003 Pendulum
1952 2966 2065 3016 cujus
2092 2964 2298 3017 longitudo

1252 3027 1309 3058 est
1325 3019 1471 3068 pedum
1489 3018 1766 3057 Parisiensium
1788 3024 1811 3056 3
1832 3026 1871 3056 et
1888 3019 2079 3056 linearum
2100 3019 2163 3070 83¹5,
2184 3019 2296 3057 oscil-

1252 3073 1434 3110 lationem
1450 3084 1572 3110 unam
1590 3084 1636 3109 ex
1657 3071 1716 3109 itu
1735 3078 1773 3109 et
1793 3072 1919 3110 reditu
1935 3073 2185 3120 compositam
2198 3081 2296 3110 tem-

1253 3138 1345 3174 pore
1373 3125 1616 3163 minutorum
1645 3124 1814 3162 duorum
1846 3124 2108 3163 secundorum
2134 3125 2298 3164 absolvit

1256 3181 1362 3230 (471.
1384 3178 1472 3216 Lib.
1500 3177 1553 3227 Ι.)
1569 3192 1581 3225 ;
1601 3184 1640 3215 et
1658 3190 1724 3226 pes
1741 3177 2000 3216 Londinensis
2014 3185 2072 3215 est
2089 3178 2138 3217 ad
2157 3179 2297 3228 pedem

1257 3230 1513 3271 Parisiensem
1531 3239 1576 3268 ut
1599 3233 1647 3269 15
1666 3230 1717 3268 ad
1746 3234 1795 3269 16
1815 3243 1932 3281 quam
1962 3230 2150 3279 proxime,
2179 3239 2219 3270 et
2245 3232 2298 3269 ita

1255 3307 1345 3337 sunt
1356 3299 1471 3349 pedes
1483 3303 1509 3337 3
1523 3310 1614 3363 cum
1628 3297 1743 3336 lineis
1752 3297 1860 3350 &gad
1875 3288 2132 3352 digitos-39&
2143 3298 2202 3336 vel
2213 3287 2297 3350 39}

1255 3365 1373 3404 quam
1392 3364 1583 3402 proxime.

1309 3423 1366 3473 (¹¹)
1394 3426 1416 3447 ¹*
1442 3424 1722 3463 oscillationem
1753 3425 1989 3463 consimilem
2020 3432 2194 3473 tempore,
2222 3424 2293 3461 διο.

1260 3475 1558 3515 Oscillationum
1585 3483 1760 3524 tempora
1780 3483 1872 3514 sunt
1889 3476 1928 3513 in
1948 3475 2219 3526 snbduplicata
2237 3488 2297 3513 ra-

1256 3529 1361 3567 tione
1392 3527 1646 3579 longitudinis
1676 3528 1938 3577 pendulorum
1972 3532 2082 3581 (472.
2107 3529 2196 3567 Lib.
2223 3529 2296 3578 1.),

1256 3601 1295 3633 et
1313 3602 1512 3643 propterea
1528 3601 1574 3632 ut
1591 3583 1677 3647 39}
1695 3593 1745 3632 ad
1762 3598 1936 3640 556700,
1955 3594 2010 3632 ita
2028 3598 2053 3632 4
2067 3594 2115 3632 ad
2135 3594 2299 3644 quadra-

1257 3655 1341 3685 tum
1361 3648 1514 3685 numeri
1532 3647 1772 3686 minutorum
1793 3647 2065 3694 secundorum,
2099 3647 2167 3697 qui
2193 3660 2299 3697 quae-

1257 3701 1367 3746 ritur,
1406 3707 1444 3738 et
1474 3707 1629 3760 peracto
1665 3700 1816 3739 calculo
1851 3700 2047 3739 invenitur
2078 3713 2159 3742 esse
2199 3699 2300 3751 19οᾗ-

1260 3766 1376 3804 quam
1397 3752 1580 3802 proxime.

1316 3823 1376 3874 (Χ)
1399 3827 1419 3849 *
1445 3825 1616 3877 Conficiee
1629 3827 1759 3875 pedes,
1780 3824 1849 3863 διε.
1900 3824 1976 3863 Per
1994 3824 2107 3873 Prop.
2129 3823 2294 3862 XLIX.

1193 3897 1228 3935 Τ
1249 3904 1271 3934 :3

225 3951 245 3961 κ
