2502 4192
236 273 341 319 218
672 256 679 259 7
775 266 1343 319 PHILOSOPHIAE
1383 265 1835 319 NATURALIS
1920 267 2380 331 [Mori-,Comma

233 408 285 459 A
314 407 360 459 B
387 416 438 458 et
467 406 519 458 K
554 407 593 458 L
620 404 1026 477 quoad-sensum
1052 417 1336 469 evanescat,
1365 416 1417 457 et
1432 413 1562 457 'vena
1581 425 1729 475 aquae
1753 407 2138 459 horizontaliter
2164 408 2378 459 exilien-

229 498 295 548 tis
321 497 543 568 figuram
575 497 925 565 parabolicam
962 496 1226 547 efformet:
1269 497 1332 564 (5)
1361 513 1426 546 ex
1451 495 1612 546 latere
1638 505 1780 546 recto
1806 496 1955 565 hujus
1982 498 2244 565 parabolae
2271 497 2376 549 col-

228 585 433 656 ligetur,
464 585 604 655 quod
630 586 871 638 velocitas
897 607 1045 657 aquae
1071 588 1325 639 effluentis
1351 608 1412 639 ea
1438 590 1504 639 sit
1529 608 1683 658 quam
1711 608 1898 657 corpus
1924 591 1988 642 ab
2014 610 2161 660 aquae
2187 592 2240 641 in
2257 611 2376 644 vase

228 675 512 744 stagnantis
557 673 831 726 altitudine
872 674 930 725 H
961 675 1014 726 G
1050 675 1130 726 vel
1170 676 1196 726 I
1227 676 1280 727 G
1318 676 1551 726 cadendo
1587 676 1851 745 acquirere
1876 678 2136 744 potuisset.
2216 679 2375 730 Facto

226 763 405 832 utique
431 762 789 829 experimento
815 763 988 814 inveni
1015 763 1172 832 quod,
1218 765 1260 815 si
1300 764 1517 815 altitudo
1555 783 1703 833 aquae
1741 752 2030 834 stagnantis*
2055 785 2212 834 supra
2238 767 2376 835 fora-

226 869 348 902 men
373 860 506 901 esset
530 850 710 920 viginti
736 850 1018 920 digitorum
1044 860 1095 901 et
1120 850 1338 902 altitudo
1363 851 1629 902 foraminis
1669 870 1826 919 supra
1862 852 2075 920 planum
2110 853 2366 905 horizonti

225 942 529 1010 parallelum
556 953 689 994 esset
715 962 921 1013 quoque
961 943 1143 1013 viginti
1169 943 1466 1014 digitorum,
1506 962 1637 993 vena
1660 962 1808 1012 aquae
1832 943 2146 1011 prosilientis
2173 945 2370 996 incide-

226 1043 307 1084 ret
346 1033 400 1083 in
443 1033 657 1101 planum
701 1034 832 1085 illud
865 1034 933 1085 ad
967 1034 1260 1085 distantiam
1304 1035 1585 1105 digitorum
1618 1041 1683 1090 37
1728 1035 1929 1086 circiter
1954 1054 1983 1085 a
2008 1035 2377 1103 perpendiculo

228 1126 369 1194 quod
394 1126 448 1175 in
473 1125 690 1193 planum
715 1126 844 1176 illud
872 1145 901 1176 a
926 1125 1179 1177 foramine
1217 1126 1584 1177 demittebatur
1610 1135 1828 1193 captam.
1907 1126 2045 1176 Nam
2084 1126 2191 1176 sine
2228 1126 2377 1176 resis-

226 1214 400 1278 tentia,
430 1235 561 1266 vena
587 1216 649 1284 (Ζ)
678 1216 905 1267 incidere
931 1216 1195 1267 debuisset
1219 1216 1273 1266 in
1299 1216 1514 1284 planum
1538 1216 1667 1267 illud
1684 1216 1749 1267 ad
1770 1217 2068 1268 distantiam
2090 1216 2373 1287 digitorum
2436 1283 2439 1285 ‚

226 1314 312 1368 40,
342 1307 590 1360 existente
611 1327 757 1359 venae
783 1307 1096 1376 parabolicae
1120 1308 1279 1358 latere
1307 1318 1449 1359 recto
1475 1307 1754 1375 digitorum
1784 1315 1869 1359 80.

305 1399 416 1449 Cas.
444 1407 494 1450 4.
581 1399 725 1460 Quin
753 1400 904 1450 etiam
933 1418 1067 1468 aqua
1091 1399 1321 1461 effluens,
1364 1400 1407 1450 si
1434 1417 1639 1450 sursum
1663 1399 1873 1462 seratur,
1911 1398 2090 1451 eadem
2117 1400 2378 1471 egreditur

225 1505 344 1537 cum
369 1487 656 1540 velocitate.
734 1488 985 1540 Ascendit
1010 1489 1146 1539 enim
1175 1507 1322 1558 aquae
1349 1488 1602 1539 exilientis
1629 1507 1759 1539 vena
1783 1507 1942 1556 parva
1979 1498 2124 1539 motu
2155 1507 2376 1557 perpen-

225 1576 441 1627 diculari
468 1577 534 1628 ad
561 1597 711 1647 aquae
736 1577 791 1628 in
818 1596 936 1629 vase
963 1576 1247 1648 stagnantis
1274 1576 1598 1627 altitudinem
1628 1576 1680 1627 G
1709 1576 1769 1626 H
1796 1576 1877 1626 vel
1906 1576 1958 1628 G
1986 1576 2029 1637 Ι,
2071 1577 2169 1626 nisi
2196 1579 2375 1646 quite-

224 1683 323 1716 nus
368 1685 609 1717 ascensus
655 1667 762 1735 ejus
808 1666 873 1717 ab
912 1666 1042 1717 a'eris
1088 1664 1374 1717 resistentia
1415 1664 1787 1734 aliquantulum
1833 1663 2169 1732 impediatur3
2217 1665 2277 1732 (²)
2318 1684 2377 1715 ac

221 1754 445 1822 proinde
473 1753 531 1805 ea
559 1753 720 1806 effluit
746 1773 864 1806 cum
890 1753 1160 1805 velocitate
1187 1771 1342 1823 quam
1368 1752 1433 1804 ab
1459 1752 1727 1803 altitudine
1752 1750 1839 1802 illa
1860 1735 2092 1803 cadendo
2113 1753 2376 1821 acquirere

221 1842 490 1910 potuisset.
583 1844 755 1913 Aquae
778 1847 780 1849 ’
807 1842 1093 1913 stagnantis
1148 1841 1402 1910 particula
1457 1859 1785 1910 unaquaeque
1839 1839 2068 1909 undique
2122 1842 2377 1907 premitur

222 1930 490 2000 aequaliter
517 1935 633 2000 (per
661 1931 820 2000 Prop.
848 1931 1013 1983 XIX.
1045 1929 1164 1982 Lib.
1193 1930 1292 1996 II.)
1333 1940 1383 1981 et
1406 1930 1660 1998 pressioni
1685 1929 1919 1981 cedendo
1957 1928 2144 1997 aequali
2180 1929 2376 1997 impetu

220 2019 276 2069 in
302 2038 480 2070 omnes
505 1998 679 2088 pai-'tes
717 2020 895 2083 fertur,
943 2020 1047 2072 sive
1074 2021 1354 2073 descendat
1388 2040 1484 2090 per
1519 2020 1752 2073 foramen
1787 2021 1841 2071 in
1879 2019 2044 2071 fundo
2079 2021 2229 2083 vasis,
2272 2021 2376 2072 sive

219 2108 609 2162 horizontaliter
635 2111 808 2163 effluat
832 2131 927 2180 per
951 2112 1185 2164 foramen
1210 2113 1265 2164 in
1292 2114 1401 2183 ejus
1427 2112 1605 2176 latere,
1635 2114 1741 2165 sive
1763 2112 2059 2184 egrediatur
2074 2112 2127 2162 in
2147 2113 2374 2163 canalem

221 2208 272 2250 et
297 2198 420 2250 inde
446 2199 691 2251 ascendat
714 2219 808 2267 per
833 2200 1066 2252 foramen
1100 2220 1318 2273 parvum
1356 2203 1412 2253 in
1450 2203 1715 2271 superiore
1753 2202 1943 2253 canalis
1983 2211 2130 2270 parte
2167 2201 2373 2252 factum.

229 2286 300 2338 Et
336 2287 661 2339 velocitatem
688 2287 788 2358 qua
817 2308 951 2358 aqua
988 2289 1149 2341 effluit
1186 2308 1298 2340 eam
1336 2309 1462 2352 esse,
1509 2276 1662 2359 quarn
1690 2291 1743 2340 in
1768 2288 1867 2340 hac
1895 2289 2256 2357 Propositione
2294 2296 2375 2340 as—

223 2428 355 2479 (272),
387 2436 455 2467 aut
483 2429 588 2479 quod
616 2429 718 2467 idem
747 2436 817 2476 est,
846 2430 887 2467 in
912 2431 1059 2468 ratione
1079 2429 1275 2479 duplicata
1328 2439 1450 2471 meter
1484 2433 1525 2471 D
1549 2433 1593 2470 H
1623 2445 1691 2471 seu
1724 2432 1911 2471 verticalis
1942 2433 1976 2472 B
2001 2432 2042 2472 D
2070 2433 2257 2482 producta
2286 2435 2367 2483 (40.

222 2494 321 2518 areae
340 2481 476 2519 circuli
497 2483 534 2520 E
559 2483 592 2520 F
611 2482 661 2520 ad
680 2496 808 2528 aream
824 2484 958 2521 circuli
983 2486 1015 2520 A
1038 2485 1086 2530 B,
1106 2482 1273 2534 idedque
1331 2486 1419 2524 Lib.
1447 2486 1517 2534 L),
1549 2486 1723 2534 capiatur
1741 2486 1904 2525 abscissa
1934 2488 1974 2526 D
1999 2488 2040 2524 H
2069 2486 2225 2537 aequalis
2244 2486 2373 2522 altitu-

222 2534 254 2571 si
273 2535 369 2572 ratio
392 2536 428 2573 E
452 2535 485 2572 F
506 2535 554 2573 ad
577 2536 616 2572 A
640 2536 675 2573 B
695 2549 811 2585 parva
830 2537 889 2585 sit,
911 2538 1039 2575 minor
1058 2538 1184 2575 adhuc
1198 2538 1270 2575 erit
1326 2539 1407 2576 dini
1432 2540 1466 2576 B
1492 2540 1545 2584 D,
1566 2540 1807 2591 ducaturque
1825 2541 2001 2578 ordinata
2031 2540 2075 2577 H
2098 2541 2142 2585 Z,
2172 2552 2258 2589 quae
2287 2546 2370 2575 tan-

222 2588 319 2624 ratio
350 2588 371 2624 I
395 2588 439 2625 H
459 2588 509 2626 ad
530 2589 547 2626 1
575 2589 626 2637 G,
658 2597 697 2628 et
726 2590 771 2627 H
797 2590 848 2637 G,
880 2591 901 2629 Ι
926 2591 964 2629 G
983 2600 1096 2630 erunt
1114 2591 1163 2629 ad
1181 2603 1266 2628 sen·
1326 2593 1431 2642 genti
1457 2593 1495 2629 D
1519 2593 1555 2629 T
1573 2592 1755 2639 parallela
1780 2595 1853 2631 erit
1867 2609 1878 2640 ;
1909 2602 1947 2631 et
1965 2601 2241 2642 quo-tempore
2261 2599 2372 2641 gutta

223 2652 310 2677 sum
330 2641 509 2692 aequales.
1323 2658 1434 2695 aquae
1453 2645 1490 2681 vi
1509 2645 1703 2695 gravitatis
1722 2647 1894 2684 cadendo
1913 2645 2162 2683 altitudinem
2191 2646 2225 2682 B
2253 2646 2292 2681 D
2314 2644 2371 2680 vel

1333 2699 1374 2736 D
1393 2698 1436 2735 H
1457 2698 1634 2737 describit
1653 2700 1836 2736 uniformi
1855 2698 1924 2736 illa
1938 2698 2135 2735 velocitate
2150 2708 2266 2747 quam
2283 2710 2371 2733 casu

1330 2764 1398 2800 per
1420 2753 1455 2789 B
1479 2753 1519 2790 D
1539 2752 1748 2802 acquisivit,
1770 2752 1948 2789 describit
1966 2750 2249 2800 longitudinem
2276 2751 2316 2786 H
2339 2750 2369 2786 Z

1331 2804 1450 2853 ipsius
1485 2806 1520 2843 B
1553 2806 1593 2842 D
1625 2805 1686 2842 vel
1719 2806 1759 2843 D
1791 2806 1834 2842 H
1868 2804 2038 2853 duplam,
2072 2806 2154 2854 (30.
2181 2803 2266 2840 Lib.
2295 2803 2366 2851 L).

1332 2857 1457 2896 Latus
1488 2867 1634 2895 rectum
1660 2858 1851 2906 parabolae
1884 2858 1925 2895 D
1956 2858 1995 2894 N
2025 2858 2069 2903 Z,
2100 2854 2294 2905 pertinens
2322 2855 2371 2892 ad

1771 2911 1823 3014 1-11)
1838 2911 1901 3013 ἒξ
1925 2942 2084 2994 (Theor.
2105 2941 2140 2979 1.
2159 2940 2207 2977 de
2219 2939 2368 2989 parab.)

1327 3027 1493 3079 ideoque
1511 3028 1600 3067 cum
1619 3029 1667 3066 sit
1689 3029 1732 3067 H
1756 3030 1786 3066 Z
1802 3045 1859 3065 =
1876 3033 1900 3065 2
1918 3028 1958 3066 D
1976 3028 2020 3065 H
2035 3043 2091 3063 =
2106 3031 2130 3064 2
2150 3027 2184 3064 B
2202 3026 2251 3069 D,
2271 3024 2372 3061 latus

1328 3091 1476 3120 rectum
1496 3090 1553 3119 est
1571 3088 1596 3119 4
1619 3083 1653 3119 B
1679 3082 1729 3119 D.
1793 3082 1921 3132 Igitur
1939 3079 2102 3118 altitudo
2126 3080 2159 3116 B
2183 3079 2224 3116 D
2252 3090 2367 3126 quam

1328 3148 1429 3184 aqua
1457 3134 1629 3172 cadendo
1658 3134 1868 3172 describere
1904 3133 2016 3171 debet
2047 3139 2091 3168 ut
2128 3131 2369 3168 velocitatem

1329 3189 1499 3237 acquirat
1517 3200 1605 3225 cum
1625 3187 1701 3237 qua
1718 3198 1740 3224 e
1760 3187 1844 3224 loco
1866 3187 1906 3224 D
1926 3185 2043 3230 exilit,
2065 3192 2122 3221 est
2139 3191 2273 3233 quarta
2283 3194 2370 3230 pars

1328 3240 1457 3278 lateris
1467 3242 1560 3278 recti
1572 3240 1621 3277 ad
1640 3240 1871 3278 diametrum
1893 3238 1934 3276 D
1953 3237 1995 3275 H
2016 3236 2208 3286 parabolae
2223 3237 2264 3275 D
2281 3236 2321 3273 N
2337 3235 2368 3272 Z

1328 3293 1565 3342 pertinentis.

1329 2928 1559 2981 diametrum
1583 2944 1622 2981 D
1641 2944 1684 2980 H
1698 2951 1755 2982 est

1387 3370 1448 3422 (²)
1471 3373 1493 3395 '¹
1515 3372 1691 3414 Incidere
1708 3372 1887 3408 debuisset
1906 3372 1948 3408 in
1962 3372 2123 3419 planum
2143 3370 2250 3407 illud.
2312 3365 2370 3405 Sit

1332 3422 1436 3460 enim
1464 3422 1629 3460 altitudo
1659 3424 1693 3461 B
1718 3423 1758 3460 D
1778 3439 1834 3459 =
1857 3423 1898 3460 D
1923 3424 1962 3460 H
1986 3422 2095 3471 digit.
2119 3426 2182 3465 20,
2213 3427 2251 3457 et
2277 3419 2366 3469 quia

1334 3476 1371 3514 B
1387 3477 1427 3513 D
1442 3483 1499 3513 est
1516 3488 1601 3524 pars
1614 3483 1748 3525 quarta
1766 3476 1892 3513 lateris
1910 3475 2002 3513 recti
2016 3474 2203 3523 parabolae
2222 3473 2260 3509 D
2273 3473 2307 3509 N
2323 3471 2366 3515 Z,

1331 3541 1448 3578 quam
1467 3541 1566 3578 aqua
1584 3528 1665 3565 siue
1678 3527 1889 3566 resistentia
1900 3528 2138 3571 describeret,
2158 3525 2257 3563 latus
2270 3524 2368 3561 illud

1329 3590 1476 3619 rectum
1511 3589 1567 3618 est
1593 3581 1702 3631 digit.
1736 3587 1816 3631 80„
1832 3588 1870 3618 et
1898 3580 2071 3618 ordinata
2093 3579 2135 3616 H
2160 3579 2189 3615 Z
2210 3577 2368 3626 aequalis

1325 3639 1354 3677 2
1377 3636 1418 3673 D
1443 3636 1484 3672 H
1513 3643 1569 3671 est
1596 3633 1705 3684 digit.
1728 3639 1791 3671 40.
1814 3633 2030 3671 differentia
2057 3637 2094 3669 8.
2127 3631 2235 3681 digit.
2269 3631 2368 3667 inter

1325 3687 1523 3726 distantias
1542 3692 1605 3725 40.
1628 3694 1667 3725 et
1688 3692 1749 3726 37.
1774 3686 1882 3738 digit.
1913 3684 2135 3723 resistentiis
2164 3682 2367 3722 tribuenda

278 3602 334 3653 (y)
357 3604 379 3628 ⁴*
403 3604 466 3642 Ex
483 3604 598 3640 latere
626 3609 726 3640 recto
744 3603 861 3653 hujus
874 3605 1076 3653 parabola».
1138 3603 1266 3652 Aquae

223 3664 334 3705 gutta
353 3655 478 3693 eloco
502 3656 554 3701 D,
584 3653 799 3692 secundum
827 3656 1075 3694 directionem
1100 3655 1266 3706 quamli-

223 3711 287 3746 bet
320 3710 356 3745 D
377 3709 412 3746 'l'
441 3708 573 3746 exiliat
590 3720 678 3745 cum
699 3706 744 3744 ea
763 3708 962 3746 velocitate
988 3721 1104 3758 quam
1124 3721 1192 3757 per
1210 3708 1265 3746 al-

223 3761 430 3799 titudinem
468 3763 502 3800 Β
538 3762 578 3799 D
615 3760 788 3798 cadendo
823 3761 1017 3811 acquirere
1053 3769 1188 3810 potest,
1227 3767 1266 3799 et
1323 3748 1390 3778 est·
1578 3797 1583 3802 ,

223 3815 373 3852 sublata
406 3814 523 3851 medii
560 3812 784 3860 resistentia,
823 3813 1009 3851 describat
1044 3814 1265 3863 parabolam
1379 3810 1436 3862 (²)
1461 3814 1480 3835 ³*
1504 3813 1564 3850 Ac
1579 3814 1738 3861 proinde
1754 3809 1800 3851 ed
1817 3812 1939 3862 {fflul'l
1960 3822 2050 3849 cum
2070 3809 2259 3848 velocitate
2280 3806 2361 3857 (25.

227 3868 268 3905 D
293 3868 330 3903 N
353 3869 395 3913 Z,
425 3868 537 3917 cujus
556 3876 681 3904 vertex
716 3868 767 3911 D,
798 3874 961 3916 tangens
983 3867 1022 3903 D
1046 3868 1167 3920 Thct
1184 3868 1266 3906 dia.
1326 3868 1390 3903 26.
1419 3864 1505 3902 Lib.
1534 3864 1606 3910 L).
1812 3887 1814 3892 ,
