2502 4192
240 270 344 326 2²36
775 260 1339 324 PHILOSOPHIAE
1379 263 1831 321 NATURALIS
1921 267 2101 333 [Mor.
2134 267 2382 320 commu.

238 414 294 465 in
333 415 533 466 ratione
571 433 689 485 quae
724 411 1055 481 componitur
1091 428 1158 462 ex
1194 408 1454 479 duplicata
1480 410 1680 461 ratione
1705 410 2004 474 velocitatiS,
2047 420 2099 462 et
2122 408 2384 479 duplicata

239 503 439 554 ratione
466 501 718 563 diametri,
746 510 797 552 et
821 500 1021 550 ratione
1048 497 1316 549 densitatis
1342 496 1649 548 mediorum.

316 582 480 643 Corol.
508 597 557 641 2.
598 588 857 640 Velocitas
883 587 1109 638 maxima
1125 586 1347 656 quacum
1365 586 1566 657 globuS,
1594 586 1645 637 vi
1668 585 1914 654 ponderis
1934 587 2013 639 sui
2030 587 2380 656 comparativi,

238 682 294 732 in
319 681 480 733 fluido
505 679 775 731 resistente
799 687 973 747 potest
998 676 1329 739 descendere,
1358 694 1419 727 ea
1445 686 1522 727 est
1547 693 1703 746 quam
1723 676 1988 745 acquirere
2002 687 2170 745 potest
2195 676 2381 747 globus

238 771 393 834 idem,
440 771 620 823 eodem
657 770 906 839 pondere,
945 771 1057 822 sine
1089 767 1377 821 resistentia
1413 768 1648 820 cadendo
1674 778 1726 820 et
1751 787 1874 820 casu
1914 787 2007 820 suo
2039 769 2383 822 describendo

239 870 463 931 spatium
490 861 631 930 quod
657 862 722 912 sit
748 860 815 912 ad
841 870 1064 930 quatuor
1087 860 1261 912 tertias
1298 868 1471 931 partes
1508 859 1745 911 diametri
1771 878 1878 911 suae
1903 870 1962 911 ut
1987 860 2212 913 densitas
2238 859 2383 932 globi

238 950 307 1001 ad
350 949 655 1001 densitatem
696 949 860 1000 fluidi.
937 950 1076 1001 Nam
1114 949 1300 1020 globus
1340 958 1574 1017 tempore
1614 967 1762 1000 casus
1804 949 1898 1012 sui,
1952 967 2071 1000 cum
2113 950 2382 1002 velocitate

239 1038 473 1090 cadendo
497 1038 761 1108 acquisita,
792 1041 857 1109 (¹²)
886 1039 1142 1092 describet
1168 1041 1391 1109 spatium
1416 1041 1557 1110 quod
1583 1041 1680 1092 erit
1706 1041 1773 1092 ad
1798 1051 1918 1092 octo
1943 1042 2118 1093 tertias
2143 1042 2383 1094 diametri

239 1146 361 1190 suae,
390 1138 449 1179 ut
474 1127 699 1179 densitas
726 1128 870 1199 globi
896 1128 962 1180 ad
988 1129 1295 1181 densitatem
1319 1128 1465 1181 fluidi
1480 1149 1494 1191 3
1539 1140 1591 1181 et
1626 1129 1702 1180 vis
1739 1129 1984 1198 ponderis
2013 1140 2214 1182 motum
2239 1131 2382 1182 hunc

237 1235 508 1288 generanS,
551 1218 649 1268 erit
674 1217 740 1268 ad
766 1217 872 1268 vim
898 1236 1014 1288 quae
1040 1228 1239 1270 motum
1265 1220 1488 1271 eundem
1513 1238 1762 1290 generare
1787 1222 1966 1288 possit,
2007 1240 2111 1291 quo
2148 1232 2382 1290 tempore
2443 1288 2446 1290 ‚

236 1307 423 1378 globus
449 1318 567 1360 octo
591 1309 767 1360 tertias
795 1309 1031 1361 diametri
1051 1328 1158 1361 suae
1184 1308 1365 1362 eadem
1402 1310 1670 1362 velocitate
1707 1310 1970 1373 describit,
2019 1312 2084 1380 (Χ)
2113 1322 2171 1364 ut
2207 1312 2381 1364 densi-

236 1406 314 1449 tas
352 1399 499 1450 fluidi
541 1399 609 1450 ad
653 1399 957 1452 densitatem
1001 1401 1173 1473 globi:
1224 1402 1447 1472 ideoque
1490 1420 1584 1470 per
1631 1401 1767 1455 hanc
1818 1404 2252 1473 Propositionem,
2304 1404 2380 1455 vis

235 1490 483 1557 ponderis
509 1492 721 1561 aequalis
748 1493 846 1544 erit
868 1493 920 1544 vi
945 1492 1263 1557 resistentiae,
1304 1503 1356 1545 et
1389 1503 1666 1562 propterea
1705 1494 1918 1566 globum
1950 1495 2236 1547 accelerare
2273 1513 2381 1546 non

236 1591 422 1650 potest.

311 1675 376 1742 (5)
408 1675 572 1726 Corol.
603 1683 652 1727 3.
694 1674 837 1727 Data
863 1684 915 1728 et
939 1675 1192 1728 densitate
1216 1674 1360 1746 globi
1385 1686 1437 1728 et
1460 1675 1730 1729 velocitate
1755 1678 1865 1747 ejus
1891 1678 1989 1730 sub
2015 1677 2163 1729 initio
2187 1686 2376 1740 motuS,

293 1847 350 1900 (¹²)
373 1851 396 1873 *
417 1849 617 1887 Describet
636 1850 804 1898 spatium
822 1851 926 1899 quod
944 1850 1016 1888 erit
1033 1852 1086 1888 ad
1110 1856 1189 1888 octo
1208 1856 1285 1888 ter-

239 1902 313 1940 tias
333 1908 464 1951 partes
490 1903 671 1940 diametri
696 1916 791 1948 sace,
819 1903 888 1939 &c.
950 1902 1155 1940 Describet
1181 1903 1285 1940 enim

239 1954 408 2003 spatium
426 1954 593 2002 duplum
611 1954 716 1992 illius
734 1955 840 2005 quod
850 1955 890 1992 vi
907 1955 1087 2003 ponderis
1105 1954 1165 1991 sui
1179 1967 1285 1992 com-

1338 1848 1493 1888 citatem
1519 1850 1632 1889 initio
1658 1857 1787 1889 motus
1812 1850 2005 1901 simulque
2031 1851 2287 1889 resistentiam
2305 1850 2380 1899 ipsi

1338 1910 1634 1951 competentem,
1655 1903 1952 1954 designeturque
1966 1917 2034 1952 per
2057 1905 2093 1942 A
2111 1905 2145 1943 B
2165 1904 2263 1942 illud
2282 1911 2380 1942 tem-

1338 1968 1412 2004 pus
1429 1968 1507 2005 quo
1525 1969 1570 1993 ea
1589 1957 1767 1995 velocitas
1786 1970 1853 2005 per
1871 1957 2125 1995 resistentiam
2143 1958 2379 1995 uniformem

237 2007 398 2056 parativi
425 2007 508 2045 sine
534 2008 749 2046 resistentia
777 2008 951 2046 cadendo
970 2007 1167 2057 descripsit
1195 2009 1279 2059 (30.

239 2060 330 2099 Lib.
358 2060 459 2110 IL),
480 2060 521 2099 id
539 2068 610 2109 est,
637 2063 806 2112 spatium
825 2064 926 2113 quod
943 2063 1015 2100 erit
1033 2064 1086 2099 ad
1104 2068 1181 2100 octo
1210 2069 1284 2100 ter-

239 2116 312 2153 tias
325 2122 469 2164 partes,
489 2115 561 2152 &c-

295 2168 357 2220 (¹)
380 2170 401 2192 *
432 2171 485 2207 Ut
511 2170 676 2207 densitas
694 2170 820 2221 fluidi
847 2170 897 2206 ad
923 2170 1147 2207 densitatem
1169 2169 1280 2217 globi.

243 2220 303 2259 Sit
323 2222 365 2260 D
384 2220 569 2259 diameter
590 2220 708 2272 globi,
738 2225 763 2259 2
786 2221 819 2259 F
846 2220 1013 2270 spatium
1040 2220 1145 2272 quod
1162 2221 1212 2258 sit
1237 2220 1287 2258 ad

255 2278 280 2311 8

242 2329 293 2377 Ξ·
316 2308 358 2346 D
376 2314 423 2346 ut
441 2306 609 2345 densitas
636 2306 742 2359 globi
760 2306 810 2346 ad
828 2306 1056 2345 densitatem
1083 2305 1217 2354 fluidi;
1247 2313 1287 2344 et

241 2399 397 2442 tempus
415 2405 494 2443 quo
508 2392 648 2444 globus
665 2391 911 2431 uniformiter
929 2391 1108 2430 describit
1118 2391 1286 2441 spatium

243 2450 293 2551 {-
317 2479 368 2524 D,
391 2477 462 2516 erit
479 2477 529 2516 ad
546 2484 701 2527 tempus
719 2489 797 2529 quo
811 2477 947 2517 eadem
965 2476 1150 2515 uniformi
1177 2476 1283 2515 velo-

242 2596 356 2635 citate
375 2594 553 2635 describit
566 2596 733 2645 spatium
753 2601 777 2635 2
800 2596 845 2643 F,
866 2603 911 2634 ut
929 2568 979 2668 {-
1002 2595 1044 2634 D
1062 2595 1112 2635 ad
1132 2600 1156 2633 2
1171 2595 1205 2634 F
1225 2596 1280 2648 (5.

245 2682 335 2721 Lib.
356 2682 428 2732 1.),
448 2682 488 2720 id
508 2689 576 2729 est,
605 2689 651 2720 ut
669 2682 835 2721 densitas
861 2682 972 2720 fluidi
990 2681 1040 2721 ad
1058 2682 1286 2720 densitatem

244 2736 362 2786 globi.
426 2735 529 2775 Cum
558 2736 678 2787 igitur
706 2737 804 2774 vires
835 2736 1048 2774 uniformes
1076 2736 1152 2773 sint
1189 2735 1286 2773 reci-

243 2788 358 2839 proce
377 2795 420 2826 ut
437 2796 611 2838 tempora
624 2790 764 2839 quibus
777 2797 906 2828 motus
920 2789 1085 2841 aequales
1102 2795 1289 2841 generant

246 2843 377 2895 (279),
398 2850 501 2890 patet
519 2843 769 2891 propositum.

299 2895 357 2947 (y)
381 2900 470 2933 282.
512 2897 600 2934 Cor.
625 2901 661 2934 3.
708 2895 819 2935 Data
850 2905 887 2936 et
916 2898 1098 2935 densitate
1126 2898 1226 2947 globi
1250 2903 1287 2934 et

245 2951 435 2987 velocitate
454 2949 535 2999 ejus
553 2951 622 2988 sub
641 2952 746 2989 initio
765 2958 889 2989 motus
913 2958 946 2988 et
967 2953 1149 2989 densitate
1162 2951 1287 3000 fluidi

245 3005 362 3040 datur
389 3006 440 3040 ad
466 3017 578 3042 omne
605 3011 750 3053 tempus
768 3011 803 3042 et
821 3005 992 3042 velocitas
1016 3005 1121 3052 globi,
1153 3011 1188 3041 et
1205 3002 1287 3052 ejus

245 3057 453 3094 resistentia
482 3065 516 3094 et
543 3058 708 3105 spatium
726 3059 772 3095 ab
790 3071 830 3095 eo
850 3058 1092 3106 descriptum.
1153 3059 1175 3081 ²*
1200 3056 1286 3093 Pri-

245 3120 370 3153 mum,
391 3121 436 3145 ex
452 3109 540 3147 data
560 3108 746 3148 densitate
765 3110 881 3161 globi,
903 3117 940 3148 et
958 3109 1144 3148 densitate
1162 3109 1286 3154 fluidi,

245 3160 475 3207 invenietur,
507 3175 575 3210 per
605 3163 693 3201 Cor.
728 3168 764 3209 2,
795 3164 852 3200 vis
878 3163 1037 3214 aequalis
1064 3163 1288 3201 resistentiae

247 3211 336 3251 cum
366 3215 546 3252 velocitas
577 3229 622 3254 ea
654 3225 712 3254 est
737 3229 854 3266 quam
881 3217 1074 3267 acquirere
1105 3224 1229 3266 potest
1254 3216 1289 3253 is

247 3265 401 3317 globuS,
431 3268 602 3307 cadendo
629 3269 671 3306 in
690 3282 812 3307 vacuo
829 3282 896 3318 per
911 3270 991 3306 'vim
1020 3271 1080 3307 sui
1106 3269 1289 3319 ponderis

248 3320 495 3368 comparativi
523 3328 561 3358 et
587 3321 837 3360 describendo
856 3323 1022 3372 spatium
1041 3322 1146 3373 quod
1164 3323 1214 3361 sit
1239 3322 1289 3360 ad

248 3379 415 3463 quatuor
430 3374 557 3410 tertias
575 3374 750 3413 diametri
769 3388 849 3413 suae
867 3382 912 3414 ut
930 3376 1098 3415 densitas
1115 3376 1221 3428 globi
1239 3375 1290 3414 ad

279 3425 478 3464 ensitatem
498 3425 620 3466 fluidi.

307 3477 502 3522 Secundo,
537 3492 584 3516 ex
614 3480 703 3519 data
732 3482 805 3520 hac
832 3482 1046 3521 resistentia
1077 3481 1292 3521 invenietur

250 3531 464 3570 resistentia
481 3545 568 3583 quae
596 3535 778 3583 competit
804 3535 994 3574 velocitati
1023 3536 1128 3588 globi
1148 3536 1196 3574 de
1214 3549 1291 3585 quo

251 3585 381 3636 agitur
398 3587 472 3624 sub
490 3585 602 3624 initio
621 3587 704 3638 ejus
722 3595 861 3633 motus,
883 3589 976 3640 quia
992 3590 1214 3628 resistentiae
1226 3589 1290 3627 hic

252 3646 525 3687 supponuntur
543 3652 624 3677 esse
647 3648 693 3678 ut
720 3641 904 3690 quadrata
921 3642 1193 3691 velocitatum5
1220 3642 1292 3681 ista

251 3699 384 3730 autem
404 3693 616 3731 resistentia
635 3693 791 3745 cognita
809 3694 963 3739 dabitur
981 3704 1135 3745 tempus
1153 3708 1233 3747 quo
1260 3696 1293 3734 si

251 3743 336 3782 haec
354 3745 567 3785 resistentia
583 3746 828 3785 uniformiter
846 3756 986 3798 ageret,
1015 3757 1136 3788 totam
1154 3749 1291 3788 veloci-

253 3803 372 3835 tatem
400 3811 517 3849 quam
544 3800 660 3839 habet
685 3800 826 3852 globus
844 3803 916 3839 sub
935 3801 1045 3840 initio
1072 3810 1203 3842 motus
1228 3802 1295 3840 de-

1339 2008 1484 2047 destrui
1520 2018 1657 2058 potest,
1700 2018 1738 2048 et
1773 2018 1899 2048 erecto
1934 2010 2211 2059 perpendiculo
2250 2011 2289 2048 A
2323 2011 2378 2056 D,

1338 2063 1563 2111 asymptotis
1585 2064 1623 2100 A
1645 2063 1699 2109 D,
1723 2063 1761 2101 A
1786 2064 1822 2101 Β
1841 2076 1910 2112 per
1927 2071 2115 2111 punctum
2140 2064 2171 2101 C
2192 2063 2380 2101 describa-

1339 2123 1403 2153 tur
1421 2114 1641 2164 hyperbolii,
1673 2129 1719 2153 ex
1748 2116 1833 2167 ejus
1858 2117 2076 2166 hyperbolae
2096 2117 2379 2154 constructione

1338 2167 1492 2206 dabitur
1510 2169 1559 2206 ad
1577 2169 1775 2219 quodlibet
1792 2178 1947 2219 tempus
1974 2169 2096 2220 (quod
2116 2169 2380 2220 designabitur

1339 2233 1407 2270 per
1427 2222 1460 2259 B
1475 2221 1532 2269 E)
1553 2222 1732 2260 velocitas
1749 2222 1902 2261 residua
1922 2223 1959 2260 E
1980 2223 2024 2268 F,
2041 2222 2251 2260 resistentia
2269 2223 2304 2260 B
2321 2223 2379 2269 H,

1340 2281 1379 2312 et
1407 2275 1572 2323 spatium
1606 2275 1839 2325 descriptum
1874 2277 1907 2316 C
1929 2277 1964 2315 B
1989 2277 2025 2313 E
2049 2276 2106 2323 F;
2140 2275 2218 2326 qua
2249 2283 2380 2314 autem

1340 2327 1486 2365 ratione
1522 2329 1604 2367 haec
1635 2328 1791 2381 singula
1825 2329 1873 2368 ad
1910 2329 2104 2368 calculum
2140 2337 2377 2374 revocentur,

1339 2380 1559 2426 dicendum.

1395 2434 1428 2471 Ι.
1463 2434 1535 2472 Vis
1552 2434 1617 2473 illa
1636 2447 1724 2485 quae
1741 2435 1966 2474 resistentiae
1992 2434 2150 2486 aequalis
2164 2447 2246 2474 esse
2265 2434 2379 2473 debet

1338 2484 1428 2524 cum
1455 2499 1593 2536 corpus
1619 2490 1733 2527 habet
1759 2488 2000 2528 velocitatem
2025 2488 2235 2526 maximam
2262 2500 2381 2538 quam

1338 2539 1449 2588 lapsu
1468 2554 1540 2578 suo
1558 2541 1599 2578 in
1618 2541 1740 2580 fluido
1757 2542 1848 2580 dato
1866 2543 2060 2594 acquirere
2078 2549 2214 2591 potest,
2244 2549 2301 2579 est
2318 2541 2380 2590 ip-

1338 2605 1426 2630 sum
1444 2594 1597 2642 pondus
1623 2596 1924 2644 comparativum
1953 2595 2130 2645 corporis.
2160 2595 2209 2634 sit
2227 2606 2319 2645 ergo
2339 2593 2380 2632 A

1339 2647 1423 2696 ejus
1441 2647 1604 2695 pondus,
1634 2648 1800 2687 densitas
1818 2648 1908 2687 data
1925 2649 2092 2698 corporis
2110 2656 2167 2686 est
2185 2649 2234 2687 ad
2252 2648 2381 2685 densi-

1338 2705 1458 2739 tatem
1475 2699 1596 2745 fluidi,
1626 2710 1672 2740 ut
1692 2702 1731 2739 A
1750 2702 1799 2740 ad
1817 2702 1973 2751 pondus
1990 2702 2146 2751 aequalis
2174 2700 2382 2739 voluminis

1340 2752 1463 2799 fluidi,
1494 2767 1573 2804 quo
1590 2754 1757 2800 invento,
1788 2755 2008 2793 detrahatur
2026 2754 2124 2792 illud
2143 2767 2190 2792 ex
2208 2754 2381 2804 pondere

1344 2806 1398 2852 A,
1431 2807 1660 2858 relinquitur
1688 2808 1841 2857 pondus
1872 2808 2175 2858 comparativum
2205 2807 2312 2860 globi
2337 2807 2382 2844 in

1341 2858 1462 2897 fluido
1480 2861 1584 2911 quod
1603 2861 1752 2900 dicatur
1772 2862 1820 2900 B.

1395 2913 1453 2952 Ut
1469 2922 1652 2962 praeterea
1668 2915 1946 2954 determinetur
1962 2922 2115 2964 tempus
2133 2927 2212 2965 quo
2224 2927 2271 2953 eo
2283 2926 2381 2963 pon-

1339 2965 1430 3004 dere
1452 2967 1488 3005 B
1508 2980 1647 3016 corpus
1665 2977 1860 3017 percurret
1887 2969 2061 3007 cadendo
2089 2969 2256 3017 spatium
2274 2967 2381 3018 quod

1339 3020 1389 3057 sit
1406 3019 1456 3058 ad
1474 3029 1640 3071 quatuor
1657 3021 1787 3059 tertias
1798 3022 1973 3060 diametri
1993 3035 2074 3059 suae
2088 3028 2131 3059 ut
2150 3021 2233 3071 ejus
2252 3020 2380 3058 densi-

1340 3080 1398 3111 tas
1424 3073 1474 3112 ad
1501 3074 1726 3112 densitatem
1746 3074 1868 3122 fluidi,
1890 3076 1981 3122 sive,
2010 3075 2041 3112 si
2060 3074 2209 3113 dicatur
2231 3074 2272 3112 D
2300 3074 2383 3112 dia-

1339 3165 1462 3197 meter
1479 3165 1518 3198 et
1535 3158 1685 3198 dicatur
1706 3159 1740 3198 F
1757 3161 1925 3210 spatium
1943 3158 2048 3211 quod
2066 3159 2115 3198 sit
2132 3158 2182 3197 ad
2201 3131 2252 3230 {²
2275 3158 2316 3197 D
2336 3165 2382 3197 ut

1341 3243 1508 3283 densitas
1524 3244 1630 3295 globi
1650 3245 1699 3283 ad
1717 3246 1946 3285 densitatem
1973 3245 2104 3292 medii,
2133 3253 2180 3283 ut
2198 3242 2379 3283 determi-

1341 3306 1455 3336 netur
1486 3306 1638 3347 tempus
1666 3312 1744 3350 quo
1775 3299 1913 3350 globus
1944 3299 2112 3348 pondere
2143 3299 2179 3336 Β
2208 3296 2382 3337 cadendo

1341 3359 1537 3400 percurret
1562 3352 1729 3400 spatium
1753 3352 1786 3390 F
1804 3353 1928 3401 posito
1946 3351 2053 3402 quod
2072 3364 2187 3402 grave
2205 3350 2379 3389 cadendo

1341 3404 1384 3442 in
1412 3417 1532 3443 vacuo
1559 3405 1727 3453 pondere
1750 3406 1787 3443 A
1806 3413 1979 3455 tempore
2006 3405 2123 3443 unius
2153 3404 2296 3442 minuti
2323 3415 2383 3440 se-

1344 3472 1462 3510 cundi
1479 3472 1595 3521 pedes
1622 3471 1856 3511 Parisienses
1874 3461 1987 3525 Ιὸῑιῖ
2006 3472 2204 3521 percurrit,
2234 3478 2271 3509 et
2289 3469 2382 3508 cum

1344 3525 1466 3574 spatia
1492 3525 1647 3563 diversis
1673 3526 1817 3564 viribus
1844 3526 2170 3564 acceleratricibus
2196 3524 2384 3572 descripta

1344 3590 1479 3628 eodem
1508 3598 1679 3639 tempore
1697 3590 1774 3629 sint
1791 3597 1836 3629 ut
1853 3590 1931 3628 illae
1949 3588 2059 3635 vires,
2080 3588 2244 3637 spatium
2267 3578 2383 3641 ΙΞῩῙΞ

1344 3644 1491 3693 pedum
1509 3644 1677 3694 pondere
1700 3645 1737 3682 A
1757 3657 1838 3682 uno
1855 3643 2008 3681 minuto
2035 3641 2203 3680 secundo
2231 3654 2385 3690 percur-

1345 3709 1434 3735 sum
1454 3705 1509 3735 est
1527 3697 1576 3735 ad
1594 3697 1760 3746 spatium
1788 3697 1923 3735 eodem
1952 3703 2122 3744 tempore
2147 3694 2317 3744 pondere
2347 3695 2382 3732 B

1350 3762 1578 3799 percursam
1598 3758 1642 3788 ut
1669 3751 1701 3788 A
1714 3750 1764 3788 ad
1785 3751 1836 3788 B.
1892 3750 1949 3789 Ut
1966 3756 2095 3786 autem
2115 3756 2171 3785 est
2187 3747 2287 3785 illud
2301 3761 2386 3796 spa-

1350 3803 1465 3849 tium,
1485 3803 1536 3842 ad
1553 3803 1719 3852 spatium
1743 3803 1789 3851 F,
1806 3802 1861 3841 ita
1871 3801 2099 3854 quadratum
2114 3801 2256 3839 minuti
2270 3800 2388 3838 unius

255 3856 400 3890 struere
417 3860 556 3902 posset,
577 3853 759 3908 sicque-si
780 3853 817 3893 B
840 3852 873 3894 C
893 3853 1072 3907 designet
1088 3868 1175 3895 eam
1192 3857 1297 3895 velo·
1349 3856 1511 3896 secundi
1538 3856 1587 3895 ad
1614 3856 1845 3907 quadratum
1862 3854 2043 3904 temporis
2060 3866 2203 3907 quo⁸eo
2219 3852 2389 3903 pondere
