2502 4192
195 337 298 385 110

698 328 1260 384 PHILOSOPHIAE
1300 331 1753 388 NATURALIS

1855 336 2039 401 [Mo‘r.
2070 337 2320 391 Gomon.

1022 674 1325 735 SECTIO
1368 675 1479 736 IV.

373 828 475 887 De
493 846 792 906 corporum
818 827 1084 886 circulari
1110 838 1263 888 motu
1291 829 1351 887 in
1379 829 1572 889 mediis
1597 830 1977 890 resistentibus
2004 830 2119 912 (²²⁶³).

241 987 304 1041 (¹²)
336 986 550 1027 Newtonus
568 988 610 1026 in
627 988 699 1027 hac
718 989 885 1027 sectione
903 988 1113 1037 praecipuas
1132 1002 1223 1039 sup-

1277 988 1378 1027 fiunt
1408 998 1561 1040 propter
1591 991 1708 1030 latera
1736 990 1836 1030 circa
1868 992 2033 1042 aequales
2060 990 2110 1030 ad
2136 1001 2312 1032 centrum

186 1043 295 1091 ponit
319 1041 594 1092 logarithmicae
613 1042 761 1091 spiralis
779 1042 1039 1091 proprietates,
1055 1043 1224 1091 postulat
1276 1043 1439 1092 angulos
1465 1045 1760 1093 proportionalia
1789 1045 1903 1097 (147)
1925 1053 1962 1082 et
1981 1044 2067 1083 ideo
2084 1046 2149 1083 alii
2176 1047 2310 1097 anguli

184 1095 303 1146 igitur
319 1094 483 1132 instituti
502 1095 620 1132 nostri
637 1095 733 1133 ratio
751 1102 796 1133 ut
814 1095 861 1133 de
872 1095 939 1133 illa
949 1095 1064 1133 curva
1077 1095 1223 1146 aliquid
1269 1096 1470 1148 .homologi
1495 1098 1521 1135 S
1536 1099 1569 1135 P
1590 1099 1641 1142 Q,
1659 1099 1686 1136 S
1701 1099 1742 1143 Q
1756 1099 1805 1144 R,
1830 1099 1856 1136 S
1876 1099 1913 1136 R
1936 1098 1990 1145 X,
2006 1100 2090 1144 &c.,
2108 1107 2146 1136 et
2161 1099 2195 1137 P
2211 1101 2253 1145 Q
2268 1100 2308 1147 S,

186 1148 476 1197 praemittamus.

241 1205 325 1238 147.
363 1199 542 1238 Circulus
569 1201 602 1238 P
624 1201 662 1238 A
684 1201 721 1238 E
744 1201 793 1245 L,
822 1208 952 1239 centro
983 1201 1020 1244 S,
1051 1208 1089 1239 et
1115 1201 1222 1239 radio

184 1254 316 1304 quovis
337 1253 364 1291 S
387 1253 421 1291 P
440 1252 650 1302 descriptus
667 1253 811 1291 divisus
828 1254 876 1290 sit
894 1254 935 1290 in
953 1266 1064 1291 arcus
1078 1255 1219 1303 quotli-

183 1308 247 1344 bet
265 1306 430 1355 aequales
451 1306 486 1343 P
501 1307 553 1353 A,
577 1308 614 1344 A
637 1307 687 1352 B,
712 1307 746 1344 B
768 1307 810 1349 C,
835 1307 867 1344 C
886 1307 939 1352 D,
961 1308 1047 1352 &c.,
1068 1307 1220 1357 sintque

182 1358 379 1396 radiorum
401 1359 436 1396 P
457 1360 495 1405 S,
519 1361 557 1397 A
580 1360 618 1403 S,
643 1360 679 1397 B
702 1360 740 1405 S,
766 1359 798 1397 C
822 1359 858 1402 S,
880 1360 964 1403 δια,
985 1367 1110 1407 partes
1129 1360 1163 1397 P
1178 1361 1217 1405 S,

1279 1150 1320 1193 Q
1341 1151 1379 1188 R
1401 1150 1439 1196 S,
1464 1151 1502 1188 R
1524 1151 1565 1188 X
1588 1152 1626 1196 S,
1656 1150 1820 1201 aequales
1838 1160 1938 1189 sunt.

1330 1207 1346 1240 1
1355 1207 1416 1241 50.
1433 1204 1628 1247 Quoniam
1639 1203 1767 1253 itaque
1779 1204 1878 1252 spira
1888 1205 2067 1254 quaelibet
2078 1204 2113 1242 P
2126 1205 2165 1249 Q
2176 1206 2214 1243 R
2225 1206 2256 1242 Z
2266 1219 2306 1255 p,

1272 1267 1298 1303 p
1324 1268 1349 1305 q
1376 1268 1395 1292 r
1422 1269 1442 1292 z
1463 1272 1503 1302 π,
1537 1257 1623 1302 &c.,
1653 1256 1813 1294 totidem
1844 1257 2046 1308 triangulis
2080 1258 2115 1295 P
2146 1258 2184 1302 Q
2213 1258 2239 1296 S
2271 1267 2310 1297 et

1272 1326 1298 1361 p
1310 1321 1332 1358 q
1350 1309 1387 1352 S,
1413 1310 1454 1353 Q
1468 1310 1507 1346 R
1521 1309 1548 1347 S
1566 1317 1604 1347 et
1621 1323 1647 1360 q
1664 1323 1683 1347 r
1705 1310 1742 1355 S,
1764 1310 1832 1347 &c.
1857 1310 2044 1348 similibus
2061 1310 2309 1361 similiterque

1272 1359 1404 1409 positis
1422 1362 1541 1399 divisa
1559 1369 1626 1408 est,
1655 1363 1766 1411 spirae
1785 1374 1918 1399 omnes
1935 1376 2021 1412 quae
2038 1376 2062 1401 a
2078 1362 2187 1400 radio
2205 1364 2308 1411 posi-

187 1412 228 1456 Q
248 1412 286 1457 S,
311 1412 350 1449 R
371 1412 409 1454 S,
438 1412 485 1449 -X
507 1413 545 1455 S,
574 1413 643 1450 &c.
674 1412 716 1448 in
744 1410 927 1449 continua
950 1413 1213 1470 progrffsione
1265 1414 1369 1451 tione
1396 1413 1485 1451 dato
1515 1415 1542 1452 S
1562 1415 1609 1461 P,
1630 1415 1679 1452 ad
1697 1415 1865 1453 eundem
1882 1415 2033 1453 radium
2051 1415 2177 1452 ductae
2198 1424 2302 1463 sunt,

180 1462 423 1514 geometrica,
443 1471 586 1512 puncta
608 1464 654 1510 P,
680 1465 728 1509 Q,
754 1466 802 1511 R,
826 1465 881 1510 X,
910 1466 996 1507 &c.,
1031 1473 1144 1502 erunt
1170 1466 1213 1502 in
1264 1466 1364 1503 inter
1382 1480 1420 1504 se
1439 1467 1583 1505 similes
1600 1468 1790 1518 radiisque
1809 1468 2190 1518 correspondentibus
2215 1481 2305 1517 pro-

180 1516 309 1566 spirali
335 1516 600 1569 legarithmicii
625 1516 667 1556 in
693 1517 771 1569 qua
789 1516 948 1567 proinde
961 1517 993 1556 si
1006 1518 1104 1557 radii
1120 1519 1157 1563 Q
1176 1519 1212 1565 S,

1268 1520 1497 1569 portIOnales
1515 1528 1640 1570 erunt,
1660 1521 1700 1559 id
1720 1530 1775 1560 est
1796 1522 1831 1561 P
1849 1522 1896 1561 S:
1917 1535 1942 1572 p
1960 1524 1987 1562 S
1999 1537 2056 1560 =
2073 1521 2107 1560 P
2123 1521 2165 1567 Q
2177 1522 2216 1560 R
2232 1522 2264 1560 Z
2273 1535 2305 1571 p

175 2729 215 2767 R
236 2730 274 2776 S,
298 2731 339 2769 X
364 2733 401 2776 S,
422 2733 510 2777 δια,
529 2731 606 2769 sint
622 2730 787 2777 numeri,
806 2742 918 2768 arcus
935 2730 1068 2770 circuli
1090 2731 1126 2769 P
1147 2731 1199 2775 A,

174 2782 210 2819 P
231 2783 278 2828 B,
304 2785 339 2822 P
362 2787 407 2832 C,
428 2787 513 2830 &c.‚
534 2786 633 2822 sicut
652 2792 691 2821 et
710 2784 843 2834 anguli
864 2783 899 2821 P
920 2785 946 2822 S
968 2785 1019 2830 Q,
1043 2785 1079 2822 P
1100 2785 1126 2822 S
1150 2785 1201 2830 R,

173 2834 210 2872 P
232 2837 258 2874 S
279 2838 333 2884 X,
353 2839 433 2884 &c.,
453 2845 568 2877 erunt
586 2844 630 2874 ut
647 2836 804 2874 illorum
823 2849 1074 2875 numerorum
1091 2838 1202 2888 loga-

169 2888 310 2935 rithmi,
344 2890 497 2940 prorsus
523 2897 568 2928 ut
594 2890 635 2926 in
661 2889 811 2940 vulgari
838 2889 1103 2939 logarithmica
1122 2890 1203 2927 axis

169 2949 294 2989 partes
312 2951 402 2982 sunt
419 2952 464 2982 ut
481 2942 697 2994 logarithmi
715 2942 974 2981 ordinatarum
986 2955 1203 2991 correspon-

169 2993 356 3034 dentium.

227 3051 311 3086 148.
349 3049 545 3094 Quoniam
572 3056 703 3087 autem
734 3048 947 3099 progressio
973 3048 1205 3098 geometrica

168 3098 210 3135 in
228 3099 423 3139 infinitum
442 3103 656 3140 decrescere
674 3109 712 3138 et
730 3114 895 3139 crescere
913 3109 1047 3149 potest,
1078 3101 1202 3139 mani-

169 3151 310 3190 festum
330 3163 386 3192 est
404 3155 581 3203 spiralem
600 3153 905 3204 logarithmicam
923 3153 1104 3204 utrinque
1123 3162 1203 3191 tam

169 3204 219 3242 ad
238 3214 410 3244 centrum
434 3209 460 3245 S
477 3206 693 3246 accedendo
719 3206 833 3256 quam
854 3209 902 3244 ab
920 3207 1054 3245 eodem
1073 3206 1203 3244 versus

170 3257 220 3295 M
237 3259 450 3297 recedendo
463 3273 530 3309 per
542 3272 656 3311 gyros
669 3259 839 3297 infinitos
853 3259 1064 3297 continuari
1079 3272 1199 3308 posse,

168 3311 391 3350 continuata
409 3313 669 3364 progressione
686 3312 880 3350 radiorum
901 3312 1203 3350 decrescentium

167 3363 229 3400 vel
247 3366 495 3403 crescentium
511 3365 609 3403 circa
627 3373 802 3402 centrum
822 3366 859 3411 S,
881 3365 929 3403 ad
943 3365 1047 3415 quod
1061 3362 1203 3403 idcirc&

166 3427 283 3455 curva
300 3417 605 3456 decrescentibus
618 3417 732 3455 radiis
745 3417 1102 3466 proportionalibus,
1117 3431 1200 3456 ma»

167 3469 227 3519 gis
244 3471 442 3521 magisque
460 3471 615 3516 accedit,
636 3471 725 3508 licet
743 3484 954 3522 numquam
967 3471 1066 3509 illud
1084 3471 1202 3520 possit

165 3522 367 3574 attingere,
399 3524 476 3561 sive
503 3532 547 3561 ut
573 3524 677 3573 loqui
697 3532 838 3569 amant,
870 3524 958 3562 licet
985 3523 1082 3561 illud
1109 3537 1199 3561 cen-

167 3581 269 3613 trum
289 3589 366 3615 non
385 3576 545 3627 attingat
564 3576 636 3613 nisi
650 3584 735 3624 post
748 3576 914 3615 infinitas
928 3576 1194 3615 revolutiones.

224 3633 310 3669 149.
349 3629 528 3680 Angulus
559 3629 584 3667 S
608 3629 647 3673 Q
670 3629 719 3674 R,
753 3641 868 3678 quem
895 3630 1023 3668 radius
1042 3630 1202 3679 quilibet

171 3681 197 3718 S
214 3681 264 3726 Q,
284 3695 374 3720 cum
393 3681 508 3721 curva
529 3682 578 3719 ad
597 3680 749 3719 easdem
761 3690 884 3729 partes
898 3682 1097 3721 constituit
1110 3694 1201 3720 con-

167 3742 270 3772 stans
306 3743 386 3783 est3
433 3734 464 3773 si
500 3734 655 3785 quidem
692 3736 1004 3773 evanescentibus
1038 3737 1203 3774 arcubus

167 3787 377 3836 aequalibus
408 3788 441 3826 P
464 3788 515 3833 A,
540 3788 576 3826 A
595 3787 644 3832 B,
668 3787 704 3824 B
728 3787 773 3832 C,
794 3787 875 3833 δια,
903 3787 1097 3838 triangula
1115 3800 1202 3825 eva-

166 3841 361 3880 nascentia
389 3841 424 3880 P
445 3842 473 3880 S
495 3841 546 3886 Q,
570 3841 612 3886 Q
632 3840 658 3878 S
680 3840 731 3887 R,
757 3840 796 3878 R
817 3840 844 3878 S
864 3840 921 3887 X,
947 3841 1034 3886 δια,
1063 3839 1203 3879 similia

1258 2745 1268 2768 ι
1292 2742 1318 2778 p
1337 2741 1362 2779 q
1381 2741 1401 2766 r
1419 2743 1439 2767 z
1459 2745 1500 2773 «x,
1522 2730 1591 2767 διο.
1640 2726 1773 2779 Atque
1790 2726 1881 2765 hinc
1898 2727 2068 2778 sequitur
2088 2727 2202 2780 (147)
2215 2734 2296 2766 tam

1256 2784 1375 2831 spiras
1403 2794 1537 2820 omnes
1562 2778 1678 2832 quam
1704 2780 1830 2819 radios
1847 2779 1938 2830 ipsis
1956 2780 2294 2830 correspondentes

1256 2835 1305 2873 ad
1336 2843 1511 2873 centrum
1539 2847 1662 2885 usque
1692 2834 1734 2872 in
1765 2833 2028 2884 progressione
2058 2832 2294 2885 geometrica

1256 2888 1483 2934 decrescere,
1513 2895 1604 2925 sunt
1630 2887 1733 2925 enim
1764 2887 1799 2925 P
1821 2888 1859 2933 S,
1880 2899 1906 2935 p
1927 2886 1965 2931 S,
1987 2902 2017 2925 a*
2038 2887 2077 2933 S,
2104 2888 2174 2925 &c.
2205 2899 2294 2936 pro-

1256 2941 1459 2991 gress1onis
1490 2940 1730 2992 geometricae
1757 2939 1910 2977 termini
1935 2939 2218 2990 aequidistantes
2244 2941 2294 2978 ob

1258 2993 1444 3044 aequalem
1462 2993 1693 3045 angulorum
1713 2993 1919 3043 aequalium
1950 2992 1985 3031 P
2007 2994 2033 3031 S
2055 2994 2106 3039 Q,
2131 2994 2172 3038 Q
2191 2994 2217 3031 S
2239 2993 2291 3038 R,

1256 3059 1283 3095 p
1306 3047 1332 3085 S
1350 3059 1386 3097 q,
1406 3060 1431 3097 q
1453 3047 1479 3085 S
1496 3059 1527 3091 r,
1558 3047 1627 3084 διε.
1667 3058 1875 3083 numerum
1909 3045 1951 3083 in
1985 3046 2148 3097 singulis
2183 3045 2293 3094 spiris

1257 3102 1584 3148 comprehensum,
1603 3098 1706 3137 unde
1724 3098 1920 3136 radiorum
1939 3110 2092 3149 quoque
2111 3099 2290 3136 differen-

1256 3152 1321 3190 tiae
1343 3153 1378 3191 P
1395 3166 1432 3201 p,
1453 3166 1478 3201 p
1498 3168 1539 3198 «x,
1560 3153 1628 3190 &c.
1652 3152 1693 3189 in
1712 3151 1850 3190 eadem
1866 3149 2099 3203 geometrica
2115 3163 2292 3202 progres-

1257 3205 1363 3243 sione
1381 3205 1616 3243 decrescunt.

1313 3261 1399 3297 151.
1434 3257 1566 3296 Ducta
1583 3256 1685 3295 recta
1702 3258 1737 3296 P
1751 3258 1787 3296 T
1801 3256 1976 3306 spiralem
1987 3264 2168 3309 tangente
2182 3256 2223 3294 in
2240 3257 2289 3304 P,

1256 3317 1294 3348 et
1311 3311 1412 3349 recta
1433 3312 1465 3349 P
1483 3311 1520 3349 O
1539 3310 1588 3348 ad
1607 3310 1766 3348 eandem
1785 3310 2101 3359 perpendiculari,
2120 3322 2188 3359 per
2201 3322 2291 3348 cen-

1255 3371 1358 3401 trum
1391 3365 1419 3402 S
1446 3364 1612 3414 erigatur
1629 3363 1679 3401 ad
1696 3363 1847 3401 radium
1869 3364 1895 3401 S
1919 3363 1953 3400 P
1972 3363 2292 3413 perpendiculum

1259 3416 1296 3454 T
1317 3417 1344 3455 S
1367 3418 1403 3456 Ο
1423 3418 1534 3454 rectis
1556 3417 1590 3454 P
1611 3417 1647 3454 T
1664 3424 1703 3455 et
1724 3416 1759 3455 P
1782 3417 1819 3454 Ο
1838 3429 2040 3454 occurrens
2057 3417 2099 3453 in
2120 3416 2156 3454 T
2174 3423 2212 3453 et
2235 3416 2286 3459 O,

1254 3470 1460 3520 longitudo
1473 3468 1620 3518 spiralis
1641 3470 1676 3508 P
1691 3470 1722 3507 Z
1735 3482 1760 3518 p
1776 3483 1794 3506 z
1810 3484 1840 3507 π·
1857 3471 1896 3515 S,
1916 3469 1965 3507 ad
1979 3477 2152 3507 centrum
2166 3480 2292 3518 usque

1257 3523 1297 3569 S,
1317 3523 1529 3573 aequabitur
1546 3522 1719 3572 tangenti
1749 3522 1784 3560 P
1806 3523 1851 3566 T,
1882 3522 2027 3572 eritque
2053 3520 2212 3570 proinde
2240 3520 2290 3558 ad

1253 3575 1404 3613 radium
1437 3577 1463 3614 S
1486 3576 1519 3614 P
1547 3575 1588 3613 in
1620 3573 1710 3613 data
1733 3575 1879 3613 ratione
1915 3575 1948 3613 P
1969 3574 2003 3611 Τ
2022 3575 2071 3612 ad
2102 3575 2128 3612 S
2150 3573 2196 3619 P,
2228 3571 2290 3611 vel

1259 3629 1296 3666 Ο
1321 3629 1356 3666 P
1373 3628 1422 3666 ad
1445 3629 1482 3667 O
1506 3628 1543 3666 S.
1604 3629 1708 3666 Nam
1727 3636 1858 3666 centro
1875 3629 1912 3671 S,
1935 3626 2048 3665 radiis
2070 3627 2096 3664 S
2114 3627 2166 3672 Q,
2190 3626 2216 3664 S
2234 3626 2286 3671 R,

1259 3681 1286 3719 S
1307 3681 1362 3725 X,
1386 3682 1412 3720 S
1433 3681 1484 3726 V,
1512 3682 1581 3719 διο.
1605 3680 1753 3719 infinite
1773 3679 1993 3730 propinquis
2010 3678 2187 3727 descripti
2213 3678 2291 3716 sint

1255 3746 1366 3771 arcus
1384 3734 1585 3773 circulares
1610 3734 1648 3778 Q
1669 3734 1713 3780 F,
1738 3735 1777 3772 R
1800 3734 1851 3779 G,
1873 3733 1912 3770 X
1933 3732 1991 3778 H,
2013 3732 2053 3769 V
2073 3731 2128 3777 K,
2144 3732 2229 3775 &c.,
2251 3737 2290 3768 et

1255 3788 1306 3824 ob
1336 3787 1499 3837 angulos
1533 3787 1627 3831 QF
1649 3787 1694 3833 P,
1732 3787 1771 3825 R
1793 3786 1832 3825 G
1855 3786 1905 3830 Q,
1939 3785 1981 3823 X
2012 3784 2056 3822 H
2089 3785 2128 3823 R
2154 3792 2287 3828 rect05,

1256 3839 1495 3891 angulosque
1518 3840 1605 3885 QP
1626 3840 1672 3887 F,
1698 3840 1737 3879 R
1755 3839 1797 3885 Q
1810 3839 1860 3885 G,
1883 3839 1925 3877 X
1945 3838 1983 3877 R
2000 3837 2055 3885 H,
2077 3837 2145 3877 &a
2159 3848 2289 3889 aequa-
