2502 4192
136 249 340 302 ,LIBER
363 247 634 308 Saeuum]
690 242 1090 297 PRINCIPIA
1131 241 1747 294 MATHEMATICA.
2196 252 2289 298 181

153 392 277 443 tiam
319 387 622 442 resistentiae
666 388 824 440 totius
865 387 1079 438 minoris
1116 385 1360 456 penduli3
1410 394 1461 436 et
1485 384 1606 435 inde
1632 383 1789 435 didici
1817 383 1958 453 quod
1995 386 2299 437 resistentiae

150 481 445 551 globorum,
475 478 683 547 dempta
710 478 785 529 fili
811 477 1114 541 resistentia,
1145 487 1264 529 sunt
1289 495 1445 546 quam
1470 475 1707 545 proxime
1733 476 1786 526 in
1813 475 2073 544 duplicata
2101 478 2300 529 ratione

149 568 534 621 diametrorum.
612 566 752 618 Nam
795 567 926 617 ratio
968 569 1185 632 73-313-
1212 565 1277 617 ad
1310 572 1331 615 1
1365 596 1436 603 -
1462 569 1508 630 {¹32
1556 584 1646 616 seu
1686 568 1784 630 10}
1823 564 1892 615 ad
1931 571 1953 614 1
1998 582 2106 614 non
2143 565 2300 635 longe

148 661 293 713 abest
320 681 349 712 a
372 660 742 712 diametrorum
767 659 966 710 ratione
993 657 1252 726 duplicata
1283 657 1413 721 ΙΙΞὲ
1441 656 1506 707 ad
1539 664 1583 707 1.

220 746 355 800 Cum
399 749 691 801 resistentia
727 747 802 808 fili
838 747 893 797 in
929 746 1097 817 globis
1136 746 1415 814 majoribus
1440 745 1654 796 minoris
1694 744 1756 794 sit
1792 744 2060 806 momenti,
2103 745 2297 795 tentavi

145 837 299 889 etiam
338 839 749 907 experimentum
762 808 828 888 'iu
853 836 1011 908 globo
1046 837 1190 905 cujus
1229 836 1478 887 diameter
1504 844 1613 886 erat
1643 835 1740 897 18}
1776 834 2074 904 digitorum.
2153 835 2296 886 Lon-

142 926 325 996 gitudo
367 927 583 995 penduli
626 927 760 977 inter
794 934 1046 994 punctum
1088 924 1437 992 suspensionis
1463 935 1514 975 et
1541 932 1778 974 centrum
1816 923 2147 974 oscillationis
2187 935 2297 975 erat

141 1015 422 1086 digitorum
466 1018 619 1082 122ὲ,
665 1006 820 1066 inter‘
832 1025 1083 1082 punctum
1127 1012 1477 1081 suspensionis
1505 1022 1555 1063 et
1580 1011 1777 1062 nodum
1802 1011 1855 1061 in
1883 1011 1978 1063 filo
2013 1016 2148 1079 109}
2186 1013 2292 1083 dig.

141 1105 310 1156 Arcus
336 1105 506 1173 primo
533 1103 748 1172 penduli
774 1102 1028 1154 descensu
1051 1121 1081 1153 a
1105 1101 1246 1152 nodo
1284 1101 1572 1169 descriptus
1600 1106 1666 1152 32
1694 1100 1802 1170 dig.
1866 1101 2040 1151 Arcus
2077 1120 2292 1154 ascensu

139 1195 321 1246 ultimo
345 1205 466 1264 post
490 1194 834 1246 oscillationes
862 1194 1089 1264 quinque
1115 1194 1181 1244 ab
1208 1193 1387 1245 eodem
1416 1193 1557 1244 nodo
1583 1193 1873 1261 descriptus
1902 1200 1968 1244 28
1989 1193 2094 1263 dig.
2139 1194 2292 1245 Sum-

138 1301 224 1334 ma
248 1301 461 1333 arcuum
488 1301 580 1334 seu
605 1301 754 1334 arcus
782 1292 921 1333 totus
949 1282 1268 1333 oscillatione
1306 1280 1558 1332 mediocri
1596 1280 1885 1349 descriptus
1913 1289 1980 1333 60
2009 1281 2115 1351 dig.
2173 1281 2291 1333 Dif-

141 1370 359 1423 ferentia
383 1389 597 1422 arcuum
623 1379 655 1422 4
683 1371 787 1441 dig.
868 1372 930 1439 (ὓ)
961 1371 1089 1439 Ejus
1116 1389 1237 1439 pars
1264 1370 1465 1421 decima
1491 1389 1581 1420 seu
1608 1369 1898 1421 differentia
1923 1370 2057 1422 inter
2076 1371 2291 1422 descen-

137 1479 252 1511 sum
278 1471 330 1512 et
354 1479 624 1512 ascensum
640 1460 694 1510 in
713 1459 1032 1511 oscillatione
1051 1459 1299 1510 mediocri
1324 1461 1352 1525 ξ
1382 1459 1486 1529 dig.
1546 1459 1624 1510 Ut
1643 1458 1816 1509 radius
1843 1464 1977 1525 109}
2000 1460 2064 1510 ad
2086 1461 2290 1511 radium

140 1552 291 1614 1223,
337 1548 410 1621 ita
433 1566 582 1599 arcus
608 1556 748 1599 totus
775 1555 843 1600 60
871 1548 978 1618 dig.
1016 1548 1336 1599 oscillatione
1379 1547 1631 1598 mediocri
1657 1566 1687 1598 a
1710 1546 1852 1597 nodo
1896 1548 2184 1617 descriptus
2223 1550 2289 1600 ad

133 1657 311 1690 arcum
335 1648 503 1689 totum
530 1638 630 1702 67-513-
658 1638 763 1708 dig.
792 1638 1109 1689 oscillatione
1134 1638 1384 1689 mediocri
1410 1657 1441 1688 a
1468 1649 1646 1689 centro
1671 1639 1816 1709 globi
1853 1639 2197 1708 descriptum3
2239 1652 2289 1692 et

132 1727 203 1778 ita
228 1726 515 1799 differentia
540 1725 573 1790 ξ
591 1725 658 1776 ad
683 1725 1025 1777 differentiam
1049 1744 1239 1777 novam
1265 1735 1315 1789 Ο,
1345 1731 1502 1781 4475.
1581 1719 1639 1795 (⁰)
1672 1727 1727 1778 Si
1751 1726 2027 1797 longitudo
2051 1729 2283 1796 penduli,

131 1919 247 1954 supra
264 1906 420 1944 inventa
437 1906 486 1943 sit
502 1905 716 1944 resistentia
734 1904 937 1943 uniformis
956 1905 1005 1943 ad
1024 1905 1177 1954 pondus

130 1960 237 2010 globi
256 1959 375 2009 lignei
389 1967 434 1997 ut
456 1964 472 1997 1
497 1958 546 1997 ad
567 1963 733 2002 755294,
756 1957 945 1996 subducta
963 1957 1177 1996 resistentia

130 2012 200 2059 fili,
220 2012 291 2050 erit
305 2012 509 2050 uniformis
528 2012 739 2050 resistentia
756 2012 862 2062 globi
878 2012 996 2062 lignei
1011 2012 1058 2049 ad
1074 2013 1176 2063 ejus-

131 2081 221 2119 dem
239 2080 391 2130 pondus
409 2081 556 2118 unciar.
583 2082 697 2119 Rom.
719 2067 837 2131 573⁷&
857 2087 901 2117 ut
919 2083 935 2117 1
955 2078 1003 2117 ad
1019 2084 1176 2117 760000

130 2134 290 2172 circiter.
353 2134 586 2179 Quaeramus
613 2146 718 2171 nunc
745 2133 997 2170 resistentiam
1026 2132 1176 2170 unifor-

130 2200 235 2224 mem
276 2187 381 2238 globi
421 2187 595 2236 plumbei
630 2187 671 2224 in
711 2186 851 2224 ultimo
896 2187 1169 2234 experimento.

131 2240 349 2279 Mediocres
377 2252 539 2278 arcuum
567 2240 793 2278 differentiae
821 2239 863 2275 in
890 2239 1015 2287 prima
1042 2238 1174 2277 tabula

823 2296 839 2329 1
949 2296 963 2329 1
1108 2297 1123 2329 1

660 2403 664 2407 ,
782 2347 893 2395 {355⁹
917 2336 1056 2398 §1322
1077 2346 1169 2396 ,ἑὲ-6

127 2409 348 2460 respective.
403 2410 512 2449 Loco
533 2410 585 2457 V,
618 2410 659 2447 in
691 2411 903 2461 quantitate
938 2412 975 2448 A
997 2412 1049 2463 -}-
1072 2412 1107 2449 B
1131 2412 1168 2448 V

130 2464 184 2516 -}-
210 2465 242 2502 C
264 2465 302 2501 V
320 2467 354 2510 2,
374 2465 587 2503 scribantur
606 2463 815 2502 successive
831 2464 983 2501 numeri
1007 2470 1038 2508 l,
1063 2469 1099 2510 2,
1130 2472 1170 2502 et

128 2521 165 2561 4,
155 2524 237 2607 ,let
263 2518 474 2565 prodibunt
509 2516 743 2567 aequationes
775 2520 813 2607 11&
835 2518 888 2569 -1-
913 2518 948 2556 B
970 2518 1024 2571 -Ι-
1050 2518 1167 2556 C—
1109 2534 1167 2554 =

129 2332 294 2375 sumptae
312 2332 403 2363 sunt
415 2325 457 2362 in
469 2338 543 2363 caS.
565 2329 598 2363 1.
616 2330 652 2363 2.
669 2333 706 2363 et
719 2329 757 2362 3.

131 2625 245 2673 18-0-8,
268 2602 846 2675 Α-ᾕ-2Β-1-4ΟΞ-ῥ-ι-2,
866 2609 905 2640 et
970 2603 1169 2655 A÷4B

128 2720 182 2773 -1-
218 2725 266 2759 16
299 2719 331 2758 C
362 2736 420 2756 =
449 2691 540 2792 ἕ-ἒ-δ,
579 2732 627 2757 011
663 2719 803 2771 quibus
837 2722 999 2760 habetur
1038 2720 1075 2758 A
1112 2737 1169 2758 =

124 2811 163 2849 0,
172 2805 477 2852 0001455,B-
420 2822 477 2830 -
488 2812 526 2850 Ο,
536 2810 734 2852 0004076,
748 2813 787 2844 et
802 2807 833 2844 C
848 2823 905 2843 =
919 2813 957 2853 O,
968 2809 1164 2846 0000679.

130 2859 247 2898 Unde
272 2860 484 2898 resistentia
512 2859 716 2896 uniformis
742 2867 800 2897 est
817 2859 866 2896 ad
885 2860 1037 2908 pondus
1063 2860 1169 2911 globi

125 2912 272 2950 unciar.
295 2913 412 2950 Rom.
433 2912 511 2965 26Ξ
524 2920 568 2949 ut
581 2911 607 2938 Ξ
626 2911 662 2949 A
679 2924 747 2949 seu
761 2917 798 2956 O,
815 2917 1000 2952 0000728
1016 2914 1063 2952 ad
1081 2918 1165 2958 121,

127 2965 167 3002 id
186 2978 225 3003 es
227 2975 253 3009 t,
275 2972 320 3003 ut
340 2969 355 3002 1
381 2963 431 3002 ad
453 2969 647 3004 1662088.
704 2965 797 3003 Jam
816 2965 904 3003 vero
924 2980 1014 3004 cum
1034 2967 1074 3004 in
1093 2969 1167 3005 1100

125 3017 387 3067 experimento
418 3017 467 3056 sit
499 3019 538 3056 A
561 3019 668 3056 C—
611 3046 668 3054 -
692 3023 766 3057 126
794 3018 902 3070 digit.
938 3021 974 3058 B
999 3020 1030 3059 C
1050 3037 1107 3057 =
1132 3026 1165 3067 1,

129 3103 169 3141 A
191 3103 227 3141 B
245 3119 302 3140 =
326 3105 414 3152 125,
442 3102 474 3141 si
501 3111 666 3152 ponatur
696 3103 735 3141 R
752 3120 809 3141 =
828 3077 908 3177 ῑ-ὲὸ
925 3105 1036 3156 digit.
1059 3106 1165 3144 inve-

125 3189 232 3227 nitur
261 3189 466 3227 uniformis
500 3188 713 3227 resistentia
748 3190 804 3227 fili
835 3191 885 3229 ad
913 3191 1164 3229 resistentiam

125 3242 359 3279 uniformem
377 3241 482 3292 globi
501 3249 545 3279 ut
567 3245 693 3281 15625
708 3243 757 3281 ad
771 3249 912 3290 39600,
933 3244 1011 3282 sive
1028 3244 1107 3283 fere
1125 3253 1167 3283 ut

128 3299 153 3334 2
171 3294 221 3333 ad
240 3297 289 3341 5,·
318 3303 358 3333 et
374 3293 462 3332 ideo
487 3294 541 3331 fili
569 3295 781 3334 resistentia
808 3299 924 3335 totius
942 3298 1165 3336 resistentiae

125 3361 330 3399 uniformis
361 3368 486 3410 partes
517 3362 687 3400 continet
704 3381 748 3414 7.
813 3363 944 3408 Quare
962 3365 1166 3403 uniformis

125 3414 339 3452 resistentia
356 3414 460 3464 globi
481 3414 653 3462 plumbei
672 3423 728 3453 est
746 3416 795 3454 ad
813 3418 896 3467 ejus
913 3419 1066 3466 pondus
1092 3431 1166 3456 un-

126 3468 216 3505 ciar.
244 3468 360 3504 Rom.
378 3466 455 3517 26Ξ
470 3474 514 3503 ut
533 3470 549 3503 1
567 3466 616 3504 ad
637 3472 817 3507 2526925
838 3471 1008 3518 circiter;
1029 3481 1067 3509 et
1077 3473 1167 3509 hinc

126 3519 332 3558 uniformis
350 3496 562 3557 resistentia
580 3519 683 3570 globi
703 3521 873 3569 plumbei
893 3524 1005 3574 cujus
1021 3524 1166 3562 diame-

126 3580 185 3611 ter
198 3581 255 3611 est
272 3572 383 3624 digit.
399 3579 454 3618 ·,2
484 3581 541 3610 est
567 3572 617 3610 ad
635 3575 886 3613 resistentiam
915 3577 1021 3627 globi
1049 3577 1169 3627 lignei

60 3652 65 3655 ,
127 3626 360 3664 uniformem
388 3626 500 3677 cujus
527 3625 710 3664 diameter
737 3633 794 3665 est
819 3628 927 3679 digit.
953 3629 1006 3681 6ῑ
1027 3640 1072 3668 ut
1091 3631 1169 3683 26Ξ

130 3696 172 3738 ><
197 3694 354 3730 760000
385 3692 434 3730 ad
463 3680 582 3744 57-2-7-
618 3697 659 3738 ><
697 3697 891 3740 2526925,
922 3696 996 3733 hoc
1027 3704 1096 3742 est,
1124 3704 1169 3735 ut

130 3747 340 3783 19950000
358 3745 407 3782 ad
430 3750 661 3784 133374995
681 3745 759 3784 sive
776 3754 821 3784 ut
842 3751 857 3784 1
883 3746 931 3785 ad
951 3753 988 3793 6,
1004 3753 1095 3788 685.

131 3841 137 3847 ⁹
183 3795 332 3835 Verum
351 3798 382 3836 si
396 3806 561 3848 ponatur
574 3799 785 3838 resistentia
798 3802 937 3850 partim
952 3802 1167 3847 uniformis,

1233 1905 1373 1953 partim
1393 1904 1602 1943 velocitatis
1621 1904 1806 1955 quadrato
1834 1907 2140 1955 proportionalis,
2171 1908 2282 1945 resis-

1230 1960 1349 1995 tentia
1368 1958 1472 2008 globi
1493 1958 1611 2008 lignei
1632 1959 1826 1995 invenitur
1841 1972 1922 1996 esse
1937 1960 1985 1997 ad
2001 1961 2172 2011 ejusdem
2186 1974 2282 2010 pon-

1232 2023 1306 2062 dus
1328 2013 1446 2076 5737&
1466 2023 1613 2061 unciar.
1642 2024 1757 2061 Rom.
1783 2024 1823 2060 in
1843 2025 1990 2062 ratione
2014 2030 2029 2062 l
2054 2026 2102 2063 ad
2122 2030 2282 2064 450000

1229 2078 1389 2123 circiter,
1411 2088 1449 2114 et
1467 2076 1681 2114 resistentia
1700 2077 1907 2114 uniformis
1924 2079 2029 2128 globi
2045 2079 2215 2127 plumbei
2230 2079 2280 2117 ad

1229 2131 1312 2180 ejus
1331 2130 1484 2179 pondus
1504 2129 1581 2182 26Ξι
1601 2130 1745 2167 unciar.
1771 2130 1811 2166 in
1831 2131 1977 2168 ratione
2001 2135 2033 2177 1,
2055 2132 2104 2169 ad
2122 2137 2279 2172 910900

1229 2197 1297 2232 per
1308 2184 1478 2221 tabulam
1493 2183 1656 2231 primam
1671 2198 1683 2230 ;
1705 2183 1796 2220 etin
1812 2183 1960 2221 ratione
1979 2189 2012 2230 1,
2028 2185 2077 2222 ad
2096 2189 2277 2225 1021097

1227 2250 1295 2285 per
1314 2236 1485 2274 tabulam
1504 2236 1711 2273 secundam
1732 2237 1859 2273 ultimi
1874 2237 2149 2285 experimenti,
2140 2254 2149 2262 ·
2172 2238 2279 2278 unde

1228 2290 1381 2338 sumpta
1413 2289 1596 2326 mediocri
1630 2290 1787 2335 ratione,
1826 2290 2038 2327 resistentia
2070 2292 2276 2329 uniformis

1229 2344 1335 2393 globi
1355 2343 1525 2404 plumbei
1546 2350 1602 2380 est
1620 2342 1668 2379 ad
1688 2317 1840 2391 pondus
1859 2344 1935 2396 26Ξ
1955 2344 2101 2382 unciar.
2125 2353 2170 2383 ut
2189 2350 2202 2382 l
2227 2345 2276 2383 ad

1227 2401 1385 2436 966000
1404 2396 1563 2433 circiter.
1612 2396 1668 2433 Et
1686 2395 1787 2442 ideo,
1811 2397 1850 2432 in
1869 2396 1941 2434 hac
1960 2398 2185 2435 resistentiae
2204 2400 2275 2447 hy-

1223 2450 1381 2499 pothesi,
1403 2448 1611 2486 uniformis
1629 2449 1842 2487 resistentia
1857 2450 1961 2500 globi
1977 2450 2147 2498 plumbei
2163 2451 2275 2501 cujus

1223 2510 1278 2540 est
1297 2503 1482 2540 diameter
1510 2501 1616 2552 digit.
1639 2507 1675 2548 2,
1705 2511 1763 2540 est
1781 2503 1831 2540 ad
1849 2503 2103 2540 resistentiam
2124 2504 2273 2541 unifor-

1223 2568 1326 2593 mem
1346 2555 1452 2606 globi
1471 2555 1590 2605 lignei
1606 2556 1718 2605 cujus
1736 2555 1921 2592 diameter
1936 2564 1993 2593 est
2012 2556 2121 2607 digit.
2143 2557 2211 2608 δὲ,
2228 2565 2273 2595 ut

1224 2622 1303 2675 9εὲ
1324 2627 1365 2668 ><
1389 2626 1547 2660 450000
1566 2621 1615 2659 ad
1635 2609 1752 2673 5725}
1774 2627 1816 2669 ><
1842 2628 1999 2662 966000
2018 2637 2086 2661 seu
2106 2631 2150 2662 ut
2167 2630 2201 2671 1,
2223 2625 2272 2663 ad

1223 2678 1357 2721 4,687,
1379 2675 1538 2712 circiter.

1279 2728 1333 2779 (b)
1357 2730 1378 2752 ³¹²
1401 2728 1504 2778 Ejus
1517 2741 1611 2777 pars
1630 2729 1787 2767 decima.
1852 2728 1893 2766 Si
1920 2729 2108 2768 oscillatio
2136 2743 2182 2769 ex
2210 2730 2270 2769 itu

1223 2789 1262 2819 et
1279 2781 1406 2819 reditu
1424 2781 1598 2830 penduli,
1627 2794 1694 2818 seu
1713 2793 1759 2819 ex
1778 2780 1871 2819 bino
1889 2782 2074 2820 descensu
2102 2784 2271 2834 binoque

1223 2847 1383 2872 ascensu
1421 2841 1686 2882 componatur,
1725 2834 1897 2884 quinque
1933 2836 2188 2874 oscillationes
2216 2837 2268 2875 sic

1223 2895 1388 2936 acceptae
1403 2887 1633 2937 aequivalent
1637 2887 1944 2926 oscillationibus
1959 2889 2091 2926 decern
2104 2903 2268 2940 quarum

1222 2940 1386 2991 singulae
1405 2954 1450 2978 ex
1470 2952 1551 2977 uno
1564 2939 1719 2977 tantum
1737 2940 1922 2979 descensu
1936 2955 2091 2992 unoque
2109 2956 2268 2981 ascensu

1221 3001 1407 3031 constant.
1471 2993 1605 3031 Priore
1623 2994 1904 3044 significatione
1922 2995 2137 3034 Newtonus
2156 3009 2196 3034 os
2182 2997 2268 3034 scil-

1219 3046 1381 3084 lationes
1392 3047 1575 3097 quinque,
1589 3046 1637 3084 de
1649 3047 1789 3097 quibus
1807 3048 1871 3085 hic
1884 3048 2066 3097 loquitur,
2079 3051 2268 3099 accepisse

1220 3100 1383 3146 videtur,
1418 3108 1464 3137 ut
1491 3099 1580 3147 pote
1608 3101 1673 3150 qui
1693 3100 1949 3138 differentiam
1973 3106 1998 3139 4
2017 3102 2126 3153 digit.
2199 3117 2269 3154 per

1219 3165 1328 3190 num.
1337 3152 1530 3191 lOdividit
1540 3160 1585 3191 ut
1599 3153 1876 3191 differentiam
1866 3154 1993 3192 inveni
1998 3163 2037 3192 at
2048 3157 2146 3193 inter
2157 3169 2266 3194 arcus

1219 3205 1405 3243 descensu
1434 3218 1515 3242 uno
1533 3214 1571 3244 et
1589 3208 1845 3255 subsequente
1872 3220 2004 3245 ascens
2006 3221 2032 3244 u
2060 3208 2268 3258 descriptos

1219 3258 1261 3295 in
1290 3272 1371 3296 una
1399 3259 1583 3297 mediocri
1616 3259 1855 3299 oscillatione
1884 3273 1931 3298 ex
1963 3260 2149 3301 descensu
2187 3276 2267 3301 uno

1220 3324 1377 3362 unoque
1396 3324 1554 3350 ascensu
1575 3311 1797 3361 composita.

1275 3379 1310 3431 (c
1316 3380 1330 3428 )
1354 3382 1375 3403 '¹‘
1395 3382 1434 3417 Si
1452 3381 1647 3429 longitudo
1656 3383 1831 3435 penduli,
1851 3381 1891 3418 in
1912 3381 2040 3420 medio
2060 3395 2136 3421 non
2156 3396 2215 3421 res
2217 3383 2266 3421 is·

1219 3440 1325 3470 tente
1353 3446 1426 3481 aue
1412 3440 1558 3471 “eretur
1577 3435 1619 3471 in
1637 3436 1782 3472 ratione
1804 3438 1879 3473 126
1897 3438 1946 3473 ad
1972 3437 2084 3486 122Ξ.
2119 3445 2266 3486 tempus

1220 3487 1472 3530 osculationis,
1494 3488 1543 3523 ob
1558 3485 1686 3523 datam
1699 3487 1803 3549 globi
1826 3487 2086 3536 funependuli
2101 3502 2263 3526 massam

1222 3546 1260 3576 et
1279 3538 1442 3587 pondus,
1472 3547 1677 3587 augeretur
1695 3543 1737 3578 in
1756 3545 1900 3580 ratione
1920 3541 1982 3579 ill*
1960 3558 1984 3580 α
2003 3541 2265 3591 sztbduplicatci

1226 3594 1310 3642 (per
1334 3592 1421 3629 Cor.
1446 3596 1483 3630 6.
1511 3592 1627 3641 Prop.
1654 3588 1844 3644 XXIV.)
1864 3594 1969 3644 quod
1989 3595 2103 3632 etiam
2124 3596 2163 3631 in
2183 3608 2264 3633 me-

1222 3645 1288 3682 dio
1307 3644 1504 3682 resistente
1523 3658 1654 3683 verum
1670 3654 1727 3684 est
1744 3660 1860 3696 quam
1882 3646 2055 3696 proxime
2076 3647 2204 3698 (180).

1278 3701 1299 3721 '¹‘
1316 3696 1474 3735 Mutata
1492 3698 1733 3749 longitudine
1753 3700 1913 3749 penduli
1932 3707 1970 3737 et
1987 3708 2167 3738 manente
2178 3701 2263 3738 lon

1224 3750 1402 3799 gitudine
1432 3751 1545 3789 arcfis
1575 3752 1765 3802 descripti,
1804 3753 1983 3790 velocitas
2014 3753 2174 3801 penduli
2205 3754 2263 3791 di-

1224 3804 1422 3842 minuetur
1456 3805 1498 3842 in
1533 3806 1680 3844 ratione
1712 3804 1979 3855 subduplicata'
2009 3805 2265 3857 longitudinis

1166 3873 1260 3912 Ms
