2502 4192
151 286 334 339 mez
364 284 634 349 Samma]
690 283 1094 336 PRINCIPIA
1136 276 1761 334 MATHEMATICA.

2198 281 2302 328 253

149 440 301 481 aucta
336 445 711 497 nonnunquam
749 427 964 478 dimidio
1001 425 1186 477 minuti
1220 424 1373 476 unius
1413 423 1642 485 secundi,
1679 438 2058 489 nonnunquam
2095 419 2301 471 minuto

149 518 377 571 secundo
417 528 544 570 toto·
623 518 896 570 Cadebant
935 527 1108 569 autem
1145 516 1335 568 rectius
1372 516 1543 567 vesica
1582 512 1811 565 secunda
1836 521 1889 563 et
1913 521 2099 580 quarta
2131 509 2302 578 prima

146 609 286 669 vice3
313 617 365 658 et
388 607 558 675 prima
582 626 643 658 ac
668 607 820 659 tertia
845 605 1072 658 secunda
1098 605 1226 657 vice.
1303 604 1492 656 Vesica
1530 603 1710 673 quinta
1746 618 1938 672 rugosa
1972 607 2084 650 erat
2121 608 2173 650 et
2208 617 2304 667 per

145 716 302 770 rugas
341 717 458 749 suas
496 697 735 750 nonnihil
761 697 1137 750 retardabatur.
1213 695 1513 748 Diametros
1552 693 1838 744 vesicarum
1875 689 2197 741 deducebam
2235 708 2302 740 ex

144 805 324 838 earum
379 787 801 840 circumferentiis
857 786 948 837 filo
997 785 1301 837 tenuissimo
1348 784 1428 835 bis
1479 781 1781 834 circundato
1830 778 2153 830 mensuratis
2233 778 2303 829 Et

141 876 398 929 theoriam
423 876 618 928 contuli
646 894 764 927 cum
790 874 1159 943 experimentis
1185 874 1239 924 in
1266 871 1441 924 tabula
1469 881 1731 941 sequente,
1774 868 2088 920 assumendo
2127 867 2300 919 densi-

141 977 300 1018 tatem
326 968 458 1018 ae'ris
485 985 596 1018 esse
622 966 690 1017 ad
711 957 1024 1017 ¹densitatem
1051 983 1199 1034 aquae
1223 963 1462 1033 pluvialis
1489 974 1547 1014 ut
1577 970 1600 1013 1
1633 962 1699 1013 ad
1728 969 1849 1024 860,
1879 970 1931 1012 et
1946 960 2300 1029 computando

144 1055 310 1124 spatia
334 1073 452 1124 quae
476 1055 620 1125 globi
644 1072 739 1122 per
763 1054 1019 1106 theoriam
1047 1052 1110 1122 (¹¹)
1138 1052 1432 1104 describere
1457 1051 1751 1103 debuerunt
1776 1049 2029 1101 cadendO.

235 1232 274 1272 ”-
546 1263 555 1272 -
727 1228 970 1293 Tempora
1010 1227 1188 1277 caden-
1231 1226 1409 1292 Spatia
1441 1227 1612 1276 iisdem
1639 1232 1757 1286 tem·
1881 1222 2195 1290 Dgffi‘rentz'a

159 1261 437 1314 Veswamm
475 1265 686 1346 D²⁰⁷.⁷²3“
718 1301 772 1349 di
813 1301 877 1350 ab
917 1299 1188 1349 altitudine
1221 1298 1431 1364 poribus
1481 1297 1756 1347 describeu-
1882 1296 2015 1343 inter
2040 1295 2196 1343 tlzeor.

160 1336 408 1419 Pondem’
533 1342 620 1385 tm’
712 1374 893 1438 pedum
921 1376 1042 1425 272.
1237 1373 1302 1420 da
1319 1388 1419 1436 per
1442 1371 1701 1421 theoriam.
1875 1374 1924 1416 et
1952 1384 2118 1431 emper.

166 1493 265 1539 128
282 1508 433 1557 gran.
451 1492 573 1547 5,28
592 1489 693 1556 dig.
903 1488 1001 1539 19⁰
1237 1492 1332 1541 271
1357 1489 1479 1554 ped.
1549 1493 1607 1536 11
1644 1486 1731 1553 dig

170 1566 270 1612 156
450 1564 573 1618 5,19
900 1565 967 1614 17
1234 1565 1337 1614 272
1582 1561 1649 1623 02}-
1735 1583 1760 1594 ·
1820 1565 1917 1618 -Ι-Ο

168 1633 299 1696 13731,
448 1636 534 1716 533
897 1634 999 1698 185
1234 1636 1338 1686 272
1569 1635 1613 1684 ,7

201 1707 302 1768 975
447 1707 569 1764 5,26
893 1710 960 1753 22
1233 1705 1338 1758 277
1582 1708 1615 1752 4·

199 1776 299 1837 99ss
445 1780 475 1825 5
891 1777 993 1838 213}
1226 1782 1330 1826 282
1580 1782 1612 1825 o

207 1948 504 2001 Globorum
540 1948 700 2019 igitur
725 1958 831 2000 tam
857 1949 911 1999 in
937 1952 1055 2000 aEre
1083 1947 1237 2019 quam
1264 1950 1316 2003 in
1343 1947 1475 2018 aqua
1502 1957 1764 2000 motorum
1801 1947 2090 2000 resistentia
2123 1966 2291 2017 prope

130 2040 297 2091 omnis
322 2060 418 2110 per
443 2041 700 2093 theoriam
725 2052 955 2094 nostram
981 2051 1121 2094 recte
1146 2042 1439 2105 exhibetur,
1469 2059 1528 2092 ac
1555 2040 1797 2092 densitati
1821 2039 2121 2104 fluidorum,
2148 2040 2290 2109 pari-

128 2130 226 2181 bus
252 2132 532 2202 globorum
557 2132 914 2185 velocitatibus
941 2152 1001 2185 ac
1023 2132 1482 2204 magnitudinibus,
1510 2130 1911 2200 proportionalis
1938 2140 2030 2181 est.

205 2219 272 2271 In
297 2221 513 2286 scholio,
543 2223 684 2292 quod
715 2224 849 2275 Sect.
872 2223 969 2275 VI.
993 2223 1322 2293 subjunctum
1349 2231 1442 2285 est,
1472 2221 1791 2272 ostendimus
1810 2238 1906 2288 per
1931 2219 2287 2288 experimenta

125 2310 469 2378 pendulorum
512 2313 653 2383 quod
678 2313 956 2384 globorum
981 2314 1261 2384 aequalium
1286 2322 1338 2366 et
1362 2313 1755 2383 aequivelocium
1785 2313 1839 2364 in
1865 2315 2000 2376 a'e‘re,
2042 2311 2194 2382 aqua,
2235 2322 2286 2365 et

125 2412 343 2470 argento
368 2401 485 2452 vivo
510 2413 774 2454 motorum
800 2403 1104 2455 resistentiae
1130 2414 1251 2455 sunt
1276 2414 1334 2455 ut
1356 2403 1638 2454 fluidorum
1676 2402 1969 2454 densitates.
2047 2401 2102 2472 (¹)
2132 2402 2285 2454 Idem

125 2487 212 2539 hic
237 2490 557 2542 ostendimus
594 2492 760 2563 magis
799 2492 1037 2544 accurate
1062 2511 1157 2561 per
1183 2492 1539 2561 experimenta
1576 2510 1854 2560 corporum
1895 2491 2191 2543 cadentium
2227 2492 2282 2543 in

125 2579 244 2628 a'ere
270 2588 322 2629 et
346 2578 496 2649 aqua.
574 2579 713 2632 Nam
737 2581 965 2649 pendula
992 2581 1209 2653 singulis
1237 2581 1645 2633 oscillationibus
1670 2591 1871 2632 motum
1891 2582 2029 2633 cient
2047 2582 2100 2632 in
2116 2582 2280 2633 fluido

125 2666 290 2716 motui
315 2667 531 2735 penduli
561 2669 826 2722 redeuntis
865 2689 1070 2739 semper
1107 2670 1440 2733 contrarium,
1484 2680 1535 2721 et
1567 2670 1856 2722 resistentia
1889 2671 1955 2722 ab
1993 2671 2095 2723 hoc
2131 2681 2280 2723 motu

124 2753 360 2819 oriunda,
402 2766 461 2808 ut
497 2756 549 2809 e‘t
584 2758 875 2811 resistentia
899 2759 975 2809 fili
1009 2778 1113 2829 quo
1150 2758 1438 2827 pendulum
1477 2759 1906 2827 suspendebatur,
1949 2770 2111 2812 totam
2147 2779 2278 2829 pen-

124 2843 234 2895 duli
259 2846 602 2900 resistentiam
627 2852 874 2918 majorem
909 2851 1251 2903 reddiderunt
1276 2850 1431 2921 quam
1457 2852 1747 2903 resistentia
1784 2871 1901 2922 quae
1937 2871 2033 2921 per
2070 2854 2276 2921 experi-

122 2944 296 2986 menta
321 2955 599 3006 corporum
625 2940 920 2992 cadentium
956 2940 1166 3010 prodiit.

177 3099 236 3151 (¹¹)
255 3103 277 3125 ¹*
298 3103 525 3142 Describere
543 3106 759 3146 debuerunt
777 3109 958 3146 cadendo.
1019 3106 1168 3145 Exem-

123 3152 178 3201 pli
197 3153 310 3192 causa
331 3155 528 3194 calculum
547 3159 781 3197 tentabimus
808 3160 1058 3210 experimenti
1077 3173 1168 3198 cum

122 3208 233 3244 tertia
252 3207 375 3246 vesica
395 3209 496 3248 facti.
559 3212 695 3262 Hujus
713 3213 848 3251 vesicae
875 3213 1062 3252 diameter
1088 3221 1171 3252 erat

122 3262 191 3298 5.3
206 3259 415 3310 digitorum
428 3270 466 3300 et
476 3264 630 3312 pondus
644 3265 684 3303 in
699 3266 785 3304 a'e‘re
799 3280 1008 3317 granorum
1024 3270 1110 3310 137,
1125 3270 1163 3306 5.

127 3312 278 3350 Globus
304 3314 402 3352 a'e'ris
428 3315 617 3356 diametro
636 3319 848 3369 digitorum
869 3325 937 3359 5.3
956 3319 1169 3368 descriptus

122 3365 293 3404 continet
312 3371 363 3404 23
382 3380 503 3419 grana
520 3382 637 3420 quam
664 3373 864 3421 proxime;
897 3374 1004 3412 unde
1033 3373 1168 3411 vesicae

121 3418 275 3467 pondus
300 3419 341 3457 in
368 3432 490 3460 vacuo
517 3431 598 3462 erat
623 3437 733 3475 gran.
761 3430 846 3472 160,
862 3430 898 3474 5,
919 3435 958 3465 et
975 3436 1020 3465 ut
1039 3431 1089 3465 23
1118 3426 1168 3464 ad

125 3476 214 3518 160,
230 3476 255 3511 5
274 3472 329 3510 ita
345 3482 437 3511 sunt
455 3483 542 3514 octo
559 3478 681 3515 tertiae
694 3487 819 3528 partes
837 3480 1014 3519 diametri
1033 3480 1166 3518 vesicae

121 3550 191 3575 seu
210 3536 322 3588 digiti
345 3527 461 3593 14T93-
478 3539 528 3577 ad
546 3541 712 3590 spatium
733 3547 758 3580 2
780 3543 824 3587 F,
845 3543 951 3595 quod
968 3544 1023 3582 ita
1039 3545 1167 3593 prodit

122 3589 232 3640 digit.
263 3598 327 3638 98,
345 3597 434 3631 626.
495 3594 637 3632 Vesica
665 3595 838 3634 cadendo
866 3598 906 3634 in
935 3609 1057 3635 vacuo
1083 3606 1165 3636 toto

121 3655 194 3681 suo
211 3644 379 3692 pondere
402 3650 490 3692 160,
506 3649 531 3685 5
549 3660 661 3698 gran.
682 3656 853 3697 tempore
879 3650 1021 3688 minuti
1050 3652 1167 3690 unius

121 3710 280 3748 secundi
298 3711 476 3751 describit
495 3712 637 3763 digitos
660 3702 780 3765 1933,
800 3722 839 3752 et
856 3715 1025 3764 pondere
1044 3720 1131 3764 137,
1143 3721 1168 3757 5

121 3776 229 3813 gran.
262 3763 440 3804 describit
467 3765 608 3817 digitos
638 3771 727 3813 165,
745 3772 836 3814 628,
858 3776 896 3805 et
915 3768 1051 3806 eodem
1071 3783 1167 3819 pon-

121 3816 212 3867 dere
237 3821 321 3863 137,
337 3823 360 3856 5
380 3832 489 3869 gran.
513 3819 628 3858 etium
658 3820 698 3857 in
727 3834 849 3859 vacuo
876 3821 1056 3860 describit
1082 3837 1169 3872 spa-

120 3868 218 3907 tium
243 3870 275 3908 F
293 3871 503 3922 digitorum
533 3878 598 3920 49,
618 3878 695 3912 313
723 3882 895 3920 tempore
921 3874 981 3920 O'',
999 3881 1102 3915 5456
1131 3885 1170 3914 et

1243 2941 1453 2992 Etenim
1492 2958 1588 3009 per
1627 2941 1984 3010 experimenta
2018 2941 2277 3010 pendulo-

1222 3106 1461 3145 velocitatem
1484 3106 1694 3145 maximam
1714 3108 1877 3159 acquirit
1890 3121 1980 3148 cum
1999 3109 2079 3160 qua
2097 3111 2216 3159 possit
2234 3110 2276 3149 in

1222 3161 1309 3198 a'e're
1328 3160 1572 3198 descendere.
1635 3159 1728 3198 Hac
1748 3161 1946 3201 velocitate
1965 3164 2090 3201 vesica
2102 3174 2275 3213 tempore

1223 3214 1464 3252 minutorum
1493 3213 1751 3251 secundorum
1785 3215 1862 3267 18}
1892 3215 2079 3254 describet
2106 3218 2272 3266 spatium

1224 3270 1301 3305 277
1321 3266 1407 3316 ped.
1432 3276 1470 3305 et
1490 3272 1525 3304 8.
1549 3266 1658 3317 digit.
1690 3268 1849 3306 circiter.
1912 3268 2161 3308 Subducatur
2187 3284 2273 3319 spa-

1222 3320 1322 3358 tium
1346 3324 1380 3365 1,
1395 3325 1501 3359 3863
1525 3320 1558 3357 F
1575 3333 1644 3357 seu
1664 3325 1700 3359 5.
1721 3321 1806 3370 ped.
1831 3329 1870 3360 et
1888 3326 1912 3360 8
1933 3322 2058 3374 digit„
2080 3333 2120 3361 et
2137 3336 2273 3361 mane-

1221 3374 1321 3411 bunt
1341 3376 1417 3412 273
1437 3373 1577 3422 pedes;
1606 3372 1696 3411 cum
1715 3374 1757 3411 in
1775 3375 1908 3413 tabula
1934 3377 2168 3416 accuratiore
2195 3377 2272 3414 cal-

1221 3425 1311 3463 culo
1324 3427 1498 3464 confecta
1512 3426 1678 3474 spatium
1694 3440 1762 3475 per
1776 3429 1960 3467 theoriam
1975 3429 2271 3468 describendum

1221 3479 1270 3516 sit
1300 3483 1377 3518 272
1410 3479 1497 3528 ped.
1521 3487 1560 3518 et
1588 3482 1612 3519 7
1640 3480 1767 3531 digit„
1799 3490 1839 3520 et
1862 3483 1905 3520 in
1930 3483 2194 3532 experimento
2222 3482 2271 3521 sit

1221 3536 1298 3571 272
1317 3532 1404 3580 ped.

1278 3612 1328 3664 (¹)
1351 3616 1372 3637 ¹*
1394 3616 1502 3653 Idem
1521 3616 1582 3654 hic
1599 3619 1845 3664 ostendimus,
1867 3619 1937 3656 &c.
1997 3618 2102 3656 Nam
2120 3619 2269 3657 theoria

1223 3667 1496 3715 experimentis
1506 3668 1743 3717 confirmata,
1764 3672 1827 3709 cui
1843 3672 2055 3719 superiores
2067 3681 2268 3721 computa·-

1222 3719 1347 3756 tiones
1382 3720 1572 3768 nituntur,
1610 3725 1793 3773 supponit
1820 3724 2084 3768 resistentiam,
2122 3726 2268 3764 caeteris

1221 3772 1390 3820 paribus,
1411 3787 1492 3811 esse
1510 3775 1550 3811 in
1569 3777 1716 3815 ratione
1734 3777 1944 3825 composita
1962 3791 2007 3814 ex
2028 3779 2176 3816 ratione
2193 3779 2267 3816 du-

1222 3824 1591 3916 plicatiifivelocitatis
1608 3830 1762 3868 mobilis
1779 3838 1817 3868 et
1835 3831 1982 3869 ratione
1994 3832 2158 3881 simplici
2172 3832 2266 3871 den·

1223 3878 1343 3916 sitatis
1392 3879 1482 3917 uidi.
