2502 4192
0 2666 11 2718 ἶ
46 2699 49 2703 “
120 2695 194 2732 bus
211 2695 387 2733 describit
405 2709 515 2734 arcus
532 2696 619 2733 illos
649 2696 683 2733 P
706 2698 757 2742 Q,
791 2697 825 2734 P
847 2697 909 2744 R3
942 2694 1062 2747 quare
1089 2696 1157 2733 de-

143 277 327 329 Lissmt
355 274 624 335 SECUND.]
679 268 1080 322 PRINCIPIA
1120 262 1736 320 MATHEMATICA.
2172 269 2272 314 113

533 444 1001 498 PROPOSITIO
1041 445 1165 497 XV.
1241 442 1293 496 Τ
1297 439 1691 495 HEOREMA
1731 439 1865 492 XII.

136 556 196 608 Si
218 553 368 604 medii
392 552 608 602 densitas
634 552 688 600 in
713 552 832 601 locis
857 550 1064 617 singulis
1087 550 1156 601 sit
1179 544 1428 615 reciproce*
1451 555 1506 598 ut
1530 547 1776 598 distantia
1811 547 2023 596 locorum
2051 562 2084 593 a
2109 551 2275 593 centro

209 640 458 701 immobili,
499 639 658 706 sitque
682 640 756 690 vis
780 639 1055 703 centripeta
1076 639 1130 687 in
1156 634 1412 703 duplicata
1435 636 1634 685 ratione
1659 634 1922 704 densitatis
1938 662 1956 691 ;
1999 632 2108 682 dico
2148 632 2278 699 quod

206 748 378 796 corpus
396 731 580 797 gyrari
593 736 760 795 potest
787 729 841 777 in
866 727 1064 793 spirali,
1106 743 1214 793 qaae
1240 726 1411 776 radios
1436 742 1597 775 omnes
1620 741 1653 773 a
1677 732 1845 775 centro
1880 725 1968 773 illo
1994 723 2160 772 ductos
2197 721 2277 769 in-

207 826 415 870 tersecat
442 819 496 868 in
521 819 704 885 angulo
730 818 865 866 dato.

209 922 480 973 Ponantur
506 938 621 988 quae
645 918 700 969 in
737 916 1001 985 superiore
1039 917 1323 978 Lemmate,
1362 925 1413 967 et
1436 915 1754 983 producatur
1782 917 1819 968 S
1848 915 1901 976 Q
1927 913 1996 964 ad
2022 912 2088 975 V,
2128 922 2185 963 ut
2211 912 2276 963 sit

138 1011 175 1063 S
201 1010 252 1061 V
276 1009 486 1079 aequalis
515 1010 552 1060 S
580 1008 641 1060 P.
717 1007 980 1074 Tempore
1005 1006 1200 1076 quoviS,
1229 1006 1283 1057 in
1308 1005 1480 1057 medio
1499 1006 1783 1068 resistente,
1812 1004 2070 1057 describat
2085 1021 2273 1072 corpus

134 1116 309 1150 arcum
325 1096 478 1167 quam
493 1095 763 1147 minimum
778 1094 895 1157 PQ,

133 1198 184 1239 et
231 1197 463 1255 tempore
512 1185 673 1253 duplo
722 1202 899 1245 arcum

133 1275 287 1345 quam
326 1275 596 1326 minimum
641 1275 687 1327 P
716 1274 805 1335 R:
849 1283 900 1325 et

132 1364 461 1416 decrementa
478 1364 666 1415 horum
684 1380 898 1414 arcuum

131 1471 198 1504 ex
222 1451 505 1505 resistentia
526 1451 761 1514 oriunda,
791 1452 897 1506 sive

129 1542 356 1594 defectus
382 1541 701 1603 abarcubus,
730 1540 817 1610 qui
840 1540 894 1590 in

129 1631 300 1682 medio
343 1648 451 1681 non
497 1629 766 1681 resistente
808 1629 895 1681 iis·
972 1623 976 1629 ⁶
1002 1622 1010 1627 ’

130 1720 246 1772 dem
284 1719 601 1788 temporibus
638 1717 893 1770 describe·
957 1775 959 1777 ,

125 1820 321 1873 rentur,
369 1810 431 1879 (¹³)
457 1818 610 1862 erunt
655 1809 723 1860 ad
763 1808 893 1869 invi-

127 1918 240 1952 cem
288 1910 346 1952 ut
394 1900 647 1970 quadrata
694 1882 893 1968 tempo-¹

124 2006 242 2041 rum
267 1988 321 2038 in
341 1988 524 2057 quibus
543 1997 857 2058 generantur
877 2007 890 2039 τ

128 2078 224 2129 Est
277 2078 447 2147 itaque
508 2076 894 2129 decrementum

124 2167 270 2218 arcus
297 2167 341 2218 P
363 2167 416 2228 Q
439 2185 559 2235 pars
586 2175 767 2237 quarta
792 2166 1105 2221 decrementi
1128 2164 1279 2220 arcus
1321 2167 1366 2220 P
1395 2167 1462 2219 R.
1539 2166 1597 2235 (⁶)
1630 2164 1789 2217 Unde
1827 2165 1999 2227 etiam,
2046 2165 2088 2215 si
2125 2182 2260 2215 areae

125 2257 173 2314 P
200 2257 237 2308 S
265 2256 319 2318 Q
343 2257 553 2327 aequalis
580 2256 807 2329 capiatur
832 2278 951 2311 area
978 2259 1032 2321 Q
1061 2260 1097 2312 S
1121 2277 1164 2324 r,
1196 2259 1292 2310 erit
1317 2257 1704 2309 decrementum
1731 2254 1880 2306 arcus
1910 2255 1955 2306 P
1982 2254 2035 2316 Q
2061 2254 2259 2323 aequale

176 2376 232 2432 (Β)
256 2379 276 2401 *⁴
300 2380 430 2419 Emmt
448 2382 498 2418 ad
517 2382 690 2419 invicem.
746 2378 847 2418 Cum
862 2380 966 2417 enim
983 2379 1160 2417 resisten-
1215 2392 1284 2417 seu
1312 2383 1336 2415 2
1361 2379 1400 2422 Q
1417 2390 1441 2428 q
1459 2393 1515 2413 =
1539 2377 1578 2414 R
1596 2389 1620 2412 v
1637 2397 1691 2406 --
1709 2388 1729 2412 r
1747 2388 1770 2412 v
1787 2390 1845 2412 =
1869 2376 1908 2413 R
1927 2387 1956 2419 r,
1992 2381 2029 2411 et
2056 2372 2144 2411 ide&
2175 2374 2216 2418 Q
2232 2386 2259 2425 q

122 2432 177 2470 tia
196 2444 264 2481 per
282 2445 413 2470 arcum
449 2433 484 2470 P
507 2434 546 2471 R
574 2433 801 2471 considerari
829 2433 948 2481 possit
976 2442 1161 2482 tanquam
1214 2448 1271 2468 =
1291 2431 1318 2482 ᾗ
1334 2432 1372 2469 R
1391 2444 1420 2467 r.
1482 2431 1619 2479 Itaque
1638 2428 1774 2467 eodem
1793 2435 1964 2476 tempore
1982 2440 2060 2478 quo
2078 2426 2256 2465 resisten-

121 2485 179 2523 vis
195 2485 417 2523 retardatrix
440 2485 516 2537 (4),
542 2486 785 2524 decrementa
803 2498 961 2523 arcuum
980 2485 1161 2522 minimo-
1216 2485 1269 2524 tia
1299 2490 1456 2536 generat
1488 2483 1776 2521 decrementum
1816 2482 1858 2526 Q
1873 2494 1909 2532 q,
1938 2494 2007 2519 seu
2033 2480 2061 2532 ἑ
2083 2482 2122 2518 R
2139 2493 2170 2527 r,
2199 2480 2256 2518 vis

121 2550 209 2575 rum
239 2538 274 2575 P
297 2539 347 2583 Q,
381 2538 415 2576 P
439 2540 476 2576 R
504 2552 550 2576 ex
577 2536 788 2576 resistentia
806 2537 967 2576 oriunda
994 2546 1085 2576 sunt
1113 2545 1157 2575 ut

121 2591 244 2638 spatia·
272 2602 358 2640 quae
394 2598 555 2641 urgente
582 2591 619 2628 vi
650 2590 908 2629 acceleratrice
933 2590 1156 2629 resistentiae
1256 2584 1300 2626 P
2183 2582 2217 2623 S

122 2642 260 2692 aequali
278 2655 413 2691 corpus
427 2637 662 2682 describere(
669 2644 804 2681 iisdem
824 2645 1057 2692 temporibus
1070 2643 1155 2693 qui-

121 2755 314 2789 crementa
330 2748 398 2786 illa
415 2757 504 2786 sunt
522 2757 565 2786 ut
583 2749 768 2798 quadrata
781 2757 999 2797 temporum
1018 2748 1158 2799 quibus

120 2808 353 2850 generantur
373 2803 458 2851 (per
478 2802 589 2839 Lem.
615 2802 670 2838 X.
695 2802 784 2840 Lib.
806 2801 879 2849 L).

175 2851 231 2903 (ο)
254 2855 276 2876 ¹*
306 2854 413 2892 Unde?
431 2856 544 2893 etiam
563 2856 595 2891 si
612 2867 722 2892 areae.
784 2854 934 2901 Corpus
952 2853 998 2891 ea
1016 2852 1157 2890 veloci-

124 2910 201 2941 tate
220 2918 336 2954 quam
356 2907 467 2944 habet
481 2907 520 2943 in
534 2906 620 2943 loco
637 2906 682 2949 P,
701 2908 936 2954 temporibus
947 2906 1158 2956 aequalibus

122 2956 307 2995 describat
324 2970 436 2996 arcus
446 2958 562 3008 quam
575 2959 755 2996 minimos
776 2959 810 2996 P
822 2971 857 3008 q,
878 2971 903 3008 q
917 2972 951 3005 v,
971 2958 1012 2995 in
1029 2958 1158 2995 medio

122 3022 199 3045 non
219 3009 423 3055 resistente,
446 3019 484 3048 et
502 3023 613 3048 arcus
636 3012 670 3049 P
693 3012 743 3056 Q,
769 3012 811 3055 Q
835 3012 872 3048 R
892 3012 933 3048 in
951 3011 1079 3049 medio
1097 3023 1156 3048 re-

122 3061 286 3108 sistente,
320 3070 358 3100 et
384 3064 454 3101 erit
483 3066 547 3115 (ex
575 3064 698 3114 dem.)
719 3069 745 3101 4
767 3065 808 3108 Q
824 3076 846 3113 q
865 3080 922 3100 =
945 3064 984 3102 R
1001 3077 1036 3108 v,
1067 3070 1157 3100 sunt

123 3122 254 3152 autem
280 3127 377 3153 areae
407 3116 442 3153 P
464 3117 490 3154 S
508 3129 533 3166 q
551 3123 588 3153 et
601 3131 626 3168 q
649 3118 675 3155 S
694 3129 717 3153 v
737 3116 901 3166 aequales
929 3120 1014 3168 (per
1035 3116 1150 3164 Prop.

124 3166 160 3205 1.
184 3167 270 3205 Lib.
297 3168 355 3218 1.)
383 3167 546 3219 ide6que
573 3173 621 3208 ob
648 3182 753 3208 areas
774 3170 809 3207 P
831 3170 857 3206 S
881 3170 933 3215 Q,
953 3177 992 3207 et
1014 3170 1056 3214 Q
1075 3169 1101 3206 S
1123 3181 1153 3214 r,

122 3220 234 3257 etiam
255 3221 417 3270 aequales
437 3224 522 3273 (per
543 3222 673 3272 Hyp.)
703 3222 774 3260 erit
790 3222 826 3260 P
847 3222 873 3259 S
892 3234 916 3272 q
934 3244 988 3252 -
1008 3222 1041 3260 P
1063 3222 1091 3259 S
1113 3222 1155 3265 Q

123 3284 190 3309 seu
223 3284 309 3309 area
341 3274 383 3318 Q
409 3274 437 3311 S
462 3287 486 3323 q
518 3275 673 3324 aequalis
703 3288 728 3325 q
749 3275 775 3313 S
794 3287 817 3312 v
834 3296 887 3304 —-
908 3275 950 3320 Q
978 3275 1005 3313 S
1024 3286 1054 3320 r,
1083 3287 1155 3312 seu

121 3336 141 3360 r
163 3325 188 3361 S
209 3337 229 3361 v
248 3345 302 3356 -
324 3325 365 3370 Q
384 3327 410 3363 S
428 3339 464 3376 q,
492 3334 532 3364 et
548 3328 639 3366 hinc
665 3340 751 3366 area
777 3340 796 3364 r
818 3328 844 3365 S
864 3340 887 3364 v
914 3327 1070 3377 aequalis
1097 3334 1154 3364 est

123 3380 147 3413 2
170 3377 210 3421 Q
232 3377 257 3414 S
274 3390 323 3427 q;
352 3377 417 3415 sed
436 3378 607 3418 demissis
625 3393 671 3418 ex
691 3387 821 3418 centro
843 3381 870 3418 S
887 3379 936 3418 ad
955 3387 1155 3429 tangentes
1206 3379 1417 3427 centripeta
1443 3377 1520 3429 qua
1539 3391 1678 3428 corpus
1695 3391 1717 3415 a
1735 3386 1917 3430 tangente
1940 3379 1974 3418 P
1994 3379 2030 3417 T
2059 3380 2152 3432 (vid.
2177 3380 2242 3430 fig.

127 3430 167 3473 Q
188 3429 222 3466 T
241 3437 278 3466 et
295 3443 314 3466 r
332 3437 347 3467 t
362 3443 428 3478 per
444 3438 586 3479 puncta
607 3433 695 3477 Qet
712 3445 732 3469 r
748 3433 883 3471 ductas
900 3432 1155 3481 perpendicu-
1209 3431 1339 3482 text.)
1355 3431 1404 3469 ad
1422 3441 1610 3480 punctum
1633 3433 1673 3475 Q
1689 3431 1798 3470 arcus
1820 3432 1854 3469 P
1877 3433 1918 3476 Q
1933 3433 2149 3480 retrahitur,
2179 3446 2245 3482 ge-

122 3480 168 3518 lis
191 3482 216 3520 S
239 3483 274 3520 T
290 3489 328 3521 et
347 3486 410 3527 st,
439 3495 526 3521 area
552 3496 780 3523 evanescens
801 3486 842 3530 Q
862 3485 888 3523 S
906 3498 932 3535 q
950 3492 1007 3522 est
1025 3485 1051 3535 ἦ
1072 3485 1099 3522 S
1120 3484 1156 3524 T
1210 3491 1319 3523 nerat
1332 3484 1618 3522 decrementum
1639 3485 1675 3522 T
1698 3485 1754 3529 Q,
1780 3490 1818 3522 et
1836 3483 1923 3525 ide&
1943 3485 1999 3522 vis
2025 3485 2247 3524 resistentiae

126 3537 167 3579 ><
195 3536 235 3578 Q
250 3548 284 3585 q,
306 3542 345 3572 et
371 3547 458 3573 area
475 3548 494 3572 r
515 3536 541 3574 S
559 3549 595 3583 v,
621 3544 677 3574 est
695 3537 723 3588 ἑ
746 3538 772 3575 S
789 3545 806 3575 t
826 3542 868 3584 Χ
893 3549 912 3574 r
930 3550 965 3575 v.
1028 3535 1159 3581 Quare
1211 3546 1268 3574 est
1287 3536 1337 3574 ad
1356 3537 1431 3574 vim
1459 3537 1707 3585 centripetam
1736 3545 1781 3575 ut
1806 3538 1833 3588 ξς
1856 3539 1894 3576 R
1913 3551 1931 3574 r
1949 3538 1998 3575 ad
2020 3540 2055 3576 T
2078 3539 2129 3583 Q,
2161 3540 2245 3588 (per

125 3586 152 3623 S
173 3587 208 3624 T
230 3594 270 3633 χ
298 3588 338 3632 Q
353 3601 377 3638 q
396 3598 568 3638 aequatur
587 3589 615 3640 ἦ-
638 3590 664 3627 S
682 3596 699 3627 t
719 3594 761 3636 ><
780 3602 799 3627 r
817 3603 851 3635 v,
874 3597 913 3627 et
932 3589 1158 3627 co'duntibus
1217 3590 1305 3628 Cor.
1327 3593 1365 3626 4.
1390 3590 1499 3627 Lem.
1525 3589 1602 3638 X.)
1631 3597 1745 3640 atque
1770 3591 1853 3628 haec
1871 3591 1999 3628 omnia
2019 3590 2246 3641 generaliter

123 3640 276 3686 punctis
308 3641 343 3678 P
369 3648 408 3679 et
433 3654 469 3686 v,
504 3641 547 3678 fit
567 3642 594 3679 S
612 3649 628 3681 t
645 3658 701 3678 =
725 3643 752 3680 S
774 3642 809 3680 T
826 3641 941 3692 atque
959 3640 1055 3679 ade&
1078 3643 1119 3686 Q
1134 3654 1158 3691 q
1211 3642 1395 3685 obtinent,
1420 3654 1672 3692 quaecumque
1690 3642 1808 3681 fuerit
1826 3651 1909 3681 tum
1930 3656 2044 3680 curva
2075 3643 2108 3679 P
2131 3643 2171 3686 Q
2193 3642 2243 3687 R,

121 3705 177 3750 j:
197 3690 223 3741 -ξς
239 3704 259 3728 r
277 3704 310 3737 v,
344 3699 382 3731 et
409 3698 433 3730 2
465 3694 506 3738 Q
522 3706 546 3743 q
564 3710 620 3730 =
640 3706 659 3730 r
676 3707 710 3732 v.
768 3693 870 3732 cum
897 3694 1017 3744 igitur
1042 3692 1158 3742 supra
1210 3695 1321 3745 cujus
1338 3694 1585 3743 proprietates
1603 3695 1777 3733 nondum
1796 3696 2050 3740 adhibuimus,
2085 3702 2169 3731 tum
2190 3694 2246 3731 vis

121 3743 377 3784 invenerimus
395 3750 421 3784 4
437 3746 479 3791 Q
493 3759 518 3798 q
536 3763 592 3784 =
613 3748 651 3786 R
664 3759 700 3793 v,
719 3746 791 3785 erit
808 3752 834 3785 4
852 3747 892 3792 Q
909 3759 935 3798 q
951 3768 1005 3778 -
1024 3751 1048 3785 2
1066 3748 1107 3792 Ω
1118 3759 1155 3798 q,
1210 3747 1427 3797 cenuipeta,
1440 3753 1524 3785 tum
1535 3748 1758 3796 resistentia,
1775 3756 1858 3786 tum
1875 3747 2051 3786 velocitas
2062 3747 2241 3796 corporis.

174 3811 272 3850 Vox..
297 3812 319 3850 1
325 3812 359 3850 Ι.
1163 3813 1209 3852 Η
