2502 4192
131 250 314 302 Lmen
333 248 605 308 Saeuum]
658 241 1062 295 PRINCIPIA
1102 238 1721 293 MATHEMATICA.
2174 245 2278 290 309

209 396 372 447 Corol.
406 398 488 443 11.
531 390 586 442 Si
612 408 699 440 vas
727 399 777 440 et
803 388 1016 439 fluidum
1045 387 1309 456 quiescant
1336 394 1387 436 et
1410 384 1597 455 globus
1624 382 1866 434 uniformi
1893 400 2009 432 cum
2032 393 2174 433 motu
2201 401 2283 433 re-

131 484 380 544 volvatur,
407 479 781 549 propagabitur
804 487 974 528 motus
1000 475 1248 544 paulatim
1273 492 1367 542 per
1390 473 1606 524 fluidum
1648 482 1815 523 totum
1853 471 1906 521 in
1943 488 2050 532 vas,
2094 481 2147 521 et
2183 472 2282 521 cir-

131 583 432 646 cumagetur
457 591 544 622 vas
570 571 670 621 nisi
695 569 946 620 violenter
962 568 1247 628 detentum,
1278 584 1444 634 neque
1462 564 1604 632 prius
1625 562 1863 614 desinent
1882 560 2101 612 fluidum
2122 572 2173 612 et
2191 581 2279 613 vas

133 649 425 725 accelerari,
455 662 609 733 quam
636 662 738 713 sint
763 678 942 712 eorum
970 669 1206 725 tempora
1231 655 1495 724 periodica
1521 653 1739 723 aequalia
1764 652 2085 720 temporibus
2111 653 2281 720 perio-

133 753 261 805 dicis
285 751 443 822 globi.
521 749 683 811 Quod
708 748 752 799 si
778 766 866 798 vas
892 746 941 796 vi
967 744 1138 814 aliqua
1165 744 1457 795 detineatur
1483 741 1564 792 vel
1591 741 1884 792 revolvatur
1920 749 2065 790 motu
2101 739 2282 810 quovis

133 842 392 896 constanti
433 850 485 892 et
522 839 782 901 uniformi,
827 836 1066 888 deveniet
1104 835 1333 886 medium
1373 832 1623 902 paulatim
1665 831 1734 882 ad
1774 840 1964 882 statum
2013 830 2183 882 motus
2226 832 2281 882 in

136 932 437 985 Corollariis
464 939 513 983 8.
542 939 593 983 9.
624 939 675 980 et
705 936 786 981 10.
815 927 1030 989 definiti,
1061 945 1157 977 nec
1183 926 1236 976 in
1263 925 1364 976 alio
1390 942 1619 993 unquam
1648 932 1785 974 statu
1822 941 2135 993 quocunque
2161 941 2284 991 per-

134 1024 402 1076 severabit.
480 1021 690 1074 Deinde
727 1019 852 1071 vero
891 1020 948 1083 si,
992 1018 1186 1070 viribus
1213 1018 1311 1069 illis
1339 1017 1655 1069 cessantibus
1684 1017 1872 1086 quibus
1900 1035 1985 1067 vas
2020 1026 2072 1068 et
2096 1015 2283 1087 globus

133 1115 284 1166 certis
311 1112 536 1169 motibus
563 1110 976 1171 revolvebantur,
1016 1108 1345 1180 permittatur
1384 1116 1606 1177 systema
1632 1116 1799 1157 totum
1826 1105 2030 1176 legibus
2070 1103 2281 1156 mecha-

132 1203 289 1263 nicis3
317 1221 404 1252 vas
431 1212 481 1259 et
504 1200 689 1271 globus
716 1199 770 1256 in
797 1217 850 1249 se
876 1198 1093 1254 invicem
1121 1181 1277 1266 agent
1301 1196 1561 1246 mediante
1576 1195 1756 1258 fluido,
1784 1213 1954 1264 neque
1970 1204 2142 1245 motus
2160 1213 2281 1246 suos

132 1293 186 1343 in
213 1311 267 1343 se
294 1300 474 1341 mutuo
498 1307 593 1358 per
617 1287 835 1346 fluidum
860 1303 1151 1356 propagare
1174 1285 1319 1352 prius
1347 1285 1637 1347 cessabunt,
1669 1284 1825 1358 quam
1846 1303 2024 1336 eorum
2046 1279 2284 1353 tempora

130 1380 397 1450 periodica
439 1387 712 1447 aequentur
753 1375 889 1428 inter
924 1394 993 1438 se,
1037 1383 1088 1433 et
1125 1384 1350 1443 systema
1386 1382 1553 1429 totum
1579 1373 1646 1424 ad
1672 1373 1832 1424 instar
1871 1373 2103 1446 corporis
2130 1374 2283 1425 unius

133 1472 285 1526 solidi
311 1470 463 1524 simul
488 1468 794 1521 revolvatur.

246 1631 265 1662 1

166 1674 343 1726 '24mu

142 1756 168 1782 x
249 1740 268 1764 Ρ

354 1666 367 1700 ;
411 1668 450 1700 et
467 1669 641 1712 tempora
658 1658 852 1711 periodica
869 1657 1040 1697 motibus
1057 1670 1182 1710 angu-

1007 1817 1164 1857 2÷mn

132 1851 276 1890 laribus
287 1846 478 1898 reciproce
493 1844 801 1897 proportionalia,
811 1850 901 1882 sunt
914 1851 958 1881 ut
969 1877 992 1901 x
1009 1862 1158 1899 -—9-·
1167 1872 1178 1891 ‚

855 1943 880 1977 p

779 2003 802 2035 2
816 1999 868 2048 -ι-
884 1982 975 2032 ffi‘n'

187 2061 279 2094 330.
306 2054 424 2093 Corol.
451 2055 485 2089 1.
532 2052 569 2089 Si
590 2050 814 2095 resistentia,
844 2048 991 2087 caeteris
1008 2048 1177 2097 paribus,

136 2110 185 2148 sit
203 2118 248 2147 ut
266 2106 456 2150 velocitas,
486 2113 525 2142 et
550 2113 725 2152 tempora
751 2102 943 2153 periodica
964 2102 1040 2139 sint
1059 2101 1097 2138 in
1118 2114 1178 2138 ra-

136 2164 245 2202 tione
275 2157 541 2211 sesquiplicata
567 2157 837 2195 distantiarum
870 2168 892 2192 a
924 2162 1066 2199 centro,
1107 2154 1179 2192 erit

366 2235 389 2267 2
407 2230 459 2281 4
482 2243 522 2266 m
542 2241 568 2266 n
588 2277 644 2285 —
668 2250 691 2279 5
1115 2230 1132 2263 Ῑ

479 2285 563 2291 --—-
587 2290 644 2298 -.
664 2280 710 2315 ξ,
729 2257 896 2311 ideoque
914 2265 1151 2312 n=—‡—
1167 2286 1177 2296 .

459 2310 485 2345 p
1086 2297 1164 2328 lm

135 1968 314 2021 neglecta
332 1965 544 2019 quantitate
564 1971 761 2003 constante
1034 1962 1084 2007 Q„
1102 1974 1134 1999 e.
1151 1961 1175 1999 i.

133 2280 230 2316 p=
255 2270 348 2313 1,et

138 2374 215 2412 Sed
248 2372 339 2411 cnm
368 2369 584 2408 resistentia
613 2366 907 2418 proportionalis
942 2373 1182 2413 supponatur

135 2426 334 2464 densitatis
346 2423 522 2475 dignitati
536 2423 648 2473 cujus
661 2422 779 2460 index
793 2429 850 2458 est
863 2432 916 2465 m,
938 2425 976 2456 et
986 2425 1180 2456 crescente

137 2480 324 2518 densitate
348 2485 502 2522 crescat,
532 2489 686 2514 necesse
705 2482 761 2513 est
778 2481 823 2511 ut
841 2486 880 2510 m
909 2472 958 2509 sit
986 2484 1174 2509 numerus

133 2533 330 2582 positivus,
341 2543 385 2569 ac
398 2528 560 2580 proinde
574 2542 599 2566 n
609 2540 797 2566 numerus
808 2526 1019 2576 negativus.
1046 2523 1180 2568 Quare

134 2585 313 2629 densitas,
352 2592 398 2621 ut
433 2593 522 2632 pote
557 2580 852 2632 proportionalis
891 2577 1069 2626 dignitati
1099 2590 1123 2614 x
1145 2577 1177 2622 ¹¹,

136 2646 327 2677 crescente
353 2635 533 2675 distantia
551 2637 590 2673 in
609 2635 809 2685 hypothesi
832 2630 1034 2671 Corollarii
1062 2630 1180 2681 hujus

136 2692 344 2730 decrescet.
407 2691 499 2727 Hoc
526 2697 655 2727 autem
683 2693 885 2737 repugnat.
946 2685 1039 2721 Non
1058 2692 1179 2721 mate·

137 2745 194 2783 ria
226 2744 377 2783 vorticis
405 2743 451 2781 ed
483 2742 637 2780 densior
668 2754 749 2779 esse
780 2739 895 2776 debet
921 2736 999 2787 qud
1025 2737 1181 2787 longius

138 2798 254 2835 distat
271 2810 294 2835 a
312 2798 456 2836 centro·
519 2797 692 2834 Conatur
710 2792 812 2830 enim
833 2791 992 2828 materia
1010 2802 1078 2838 per
1096 2803 1180 2827 mo-

138 2858 225 2889 tum
245 2863 362 2888 suum
381 2848 609 2888 circularem
624 2846 800 2885 recedere
818 2846 865 2882 ab
884 2856 955 2881 axe
972 2843 1123 2880 vorticis
1142 2850 1180 2881 et

139 2902 340 2953 propterea¹
366 2902 505 2951 premit
530 2901 728 2938 materiam
756 2910 911 2936 omnem
942 2896 1178 2943 ulteriorem,

140 2969 303 3007 eamque
330 2955 549 2999 condensat,
578 2954 609 2990 si
636 2951 859 2992 condensari
878 2949 1009 2998 possit.
1069 2949 1177 2987 Prae-

139 3009 243 3049 terea
270 3009 449 3047 velocitas
475 3007 649 3046 absoluta
675 3005 842 3055 partium
861 3002 971 3040 fluidi
990 3003 1030 3039 in
1050 3015 1178 3051 aequa-

140 3071 222 3101 tore
240 3062 394 3101 vorticis
412 3068 469 3099 est
487 3068 532 3099 ut
550 3072 682 3098 earum
702 3056 881 3096 distantia
892 3069 915 3093 a
929 3064 1059 3094 centro
1073 3055 1178 3107 globi

140 3115 285 3154 dIrecte
303 3123 342 3153 et
367 3122 520 3164 tempus
548 3112 785 3162 periodicum
812 3107 972 3155 inverse,
1006 3110 1080 3147 hoc
1107 3115 1175 3156 est,

139 3201 179 3240 in
199 3199 400 3253 hypothesi
422 3200 511 3239 Cor.
529 3198 649 3250 hujus
667 3205 713 3236 ut
731 3177 798 3228 -Ξ-
826 3211 882 3232 =
924 3166 939 3198 ¹

731 3232 810 3296 x}
903 3216 987 3279 Ξῖξ

140 3297 199 3336 vis
226 3296 443 3348 centrifuga
468 3297 638 3345 partium
667 3296 754 3347 (per
775 3298 864 3335 cor.
890 3295 924 3332 Ι.
951 3294 1068 3344 Prop.
1094 3292 1172 3332 IV.

1011 3191 1178 3245 ide6que

143 3382 231 3421 Lib.
257 3381 315 3432 Ι.)
347 3380 492 3420 caeteris
516 3380 669 3430 paribus
700 3390 757 3420 est
783 3389 828 3419 ut
853 3352 932 3451 i-l—x,
962 3386 1002 3417 et
1019 3376 1180 3428 proinde

144 3467 330 3506 decrescit
359 3466 400 3504 in
430 3467 577 3504 ratione
610 3464 808 3514 duplicata
833 3464 1022 3505 distantiae
1040 3472 1176 3502 auctae.

94 3553 96 3557 ,
148 3521 206 3559 Ut
224 3520 344 3571 igitur
371 3528 501 3557 vortex
522 3520 570 3557 ad
599 3525 738 3556 statum
760 3527 1046 3567 permanentem
1066 3517 1180 3554 redu-

142 3582 263 3617 catur,
293 3580 442 3622 oportet
469 3581 514 3610 ut
532 3580 655 3619 partes
674 3571 870 3610 densiores
889 3586 912 3610 a
929 3580 1060 3610 centro
1080 3582 1181 3607 rece-

143 3626 238 3663 dant
257 3634 295 3663 et
313 3628 474 3663 rariores
501 3625 550 3662 ad
577 3625 676 3662 illud
696 3625 889 3671 accedant,
921 3637 998 3674 quo
1016 3623 1072 3660 vis
1090 3635 1181 3661 cen-

140 3678 290 3729 trifuga
309 3681 474 3728 partium
494 3687 628 3725 centro
647 3679 880 3726 propiorum,
909 3690 997 3728 quae
1024 3677 1074 3713 ob
1099 3688 1181 3713 ma-

137 3731 263 3780 jorem
283 3732 519 3770 velocitatem
540 3738 578 3768 et
598 3732 787 3768 minorem
816 3730 1034 3768 distantiam
1064 3728 1184 3767 nimia

143 3791 213 3831 est,
233 3797 303 3834 per
320 3784 508 3823 minorem
527 3784 754 3823 densitatem
773 3783 984 3823 minuatur.

1290 1630 1380 1665 331.
1408 1628 1525 1667 Corol.
1550 1630 1587 1663 2.
1636 1623 1678 1665 Si
1709 1633 1883 1675 tempora
1914 1623 2108 1674 periodica
2138 1624 2215 1662 sint
2241 1622 2283 1660 in

1235 1680 1384 1718 ratione
1410 1677 1679 1730 sesquiplicata
1705 1679 1976 1717 distantiarum
1994 1691 2018 1717 a
2035 1684 2181 1723 centro,
2208 1677 2286 1714 hoo

1355 1780 1364 1787 .
1400 1747 1558 1797 24m
1588 1759 1742 1804 11.-Ξ
1790 1777 1861 1816 erit
1936 1744 2268 1802 —4†2mn

1489 1827 1514 1861 p
1633 1809 1690 1817 “·“
1716 1804 1756 1832 2²
1891 1790 1916 1827 p
1936 1806 1990 1814 -·
2120 1816 2148 1848 3
2268 1803 2279 1822 2

1236 1873 1275 1904 et
1293 1864 1380 1903 ideo
1398 1866 1620 1911 resistentia,
1642 1866 1791 1904 caeteris
1812 1864 1977 1913 paribus,
2008 1873 2053 1902 ut
2073 1861 2283 1901 velocitatis

1878 1939 1903 1972 4
1924 1936 1978 1986 -1-
2001 1939 2025 1972 2
2043 1948 2085 1972 m
2106 1947 2131 1971 n
2206 1964 2281 2004 Sed

1999 2006 2025 2039 5

1242 2057 1308 2106 (ex
1329 2054 1431 2093 dem.
1461 2056 1550 2094 Cor.
1577 2053 1633 2104 1.)
1664 2068 1703 2092 m
1724 2062 1762 2092 et
1780 2068 1806 2092 n
1827 2062 1917 2093 sunt
1936 2052 2087 2092 numeri
2115 2051 2279 2102 positivi.

1240 2107 1372 2153 Quare
1391 2117 1564 2157 tempora
1582 2108 1775 2157 periodica
1796 2120 1873 2145 non
1893 2116 2054 2156 possunt
2073 2119 2154 2144 esse
2166 2105 2207 2143 in
2221 2118 2281 2143 ra-

1231 2162 1337 2200 tione
1369 2161 1636 2212 sesquiplicata
1663 2161 1932 2199 distantiarum
1960 2174 1983 2199 a
2005 2168 2149 2206 centro,
2185 2158 2281 2210 quin

1361 2233 1582 2284 4-1—2mn

1236 1968 1402 2020 dignitas
1432 1968 1545 2019 cujus
1571 1981 1768 2018 exponens
1795 1975 1852 2006 est

1233 2265 1350 2304 index
1599 2265 1648 2302 sit
1661 2264 1805 2303 unitate
1816 2265 1949 2316 major,
1964 2272 2001 2302 et
2013 2263 2106 2315 quin
2119 2260 2281 2312 proinde

1234 2350 1458 2397 resistentia,
1497 2351 1644 2389 caeteris
1675 2342 1843 2400 paribus,
1882 2352 1924 2387 in
1960 2349 2096 2401 majori
2133 2347 2280 2386 ratione

1234 2412 1377 2443 crescat
1394 2404 1511 2456 quam
1531 2406 1572 2442 in
1592 2404 1738 2443 rat-ione
1758 2404 1966 2442 velocitatis
1983 2412 2120 2441 auctae.

1287 2499 1378 2532 332.
1405 2496 1521 2534 Corol.
1545 2499 1582 2532 8.
1619 2494 1659 2532 Si
1679 2494 1843 2542 spatium
1864 2506 1942 2543 quo
1955 2500 2084 2530 vortex
2100 2490 2273 2529 contine·

1232 2555 1298 2586 tur
1316 2548 1365 2585 sit
1382 2548 1525 2598 ubique
1543 2547 1702 2595 plenum
1722 2556 1759 2585 et
1778 2545 1976 2595 propterea
2006 2545 2120 2582 medii
2147 2544 2275 2581 densi-

1235 2609 1291 2638 tas
1309 2601 1514 2638 uniformis
1541 2608 1792 2649 supponatur,
1823 2601 1947 2637 littera
1965 2612 1985 2635 z
2004 2612 2091 2648 quae
2110 2598 2277 2635 densita-

1234 2661 1310 2691 tem
1324 2656 1551 2702 exponebat,
1565 2653 1755 2704 significet
1763 2654 1844 2704 jam
1859 2653 2057 2690 fluiditatis
2067 2650 2274 2694 defectum,

1234 2707 1357 2757 sitque
1371 2708 1594 2752 resistentia,
1616 2707 1760 2744 caeteris
1774 2708 1941 2755 paribus,
1955 2713 2000 2743 ut
2014 2705 2181 2755 dignitas
2195 2716 2215 2740 z
2230 2703 2271 2741 ¹¹².

1237 2761 1317 2798 His
1334 2760 1466 2808 positis
1484 2759 1706 2798 ostendetur
1724 2760 1824 2797 utin
1848 2760 1936 2797 Cor.
1957 2763 1989 2795 1.
2015 2758 2051 2795 et'
2072 2763 2107 2794 2.
2130 2757 2277 2794 factum

1234 2821 1303 2858 est,
1333 2813 1437 2863 quod
1456 2815 1486 2849 si
1502 2821 1675 2862 tempora
1691 2812 1885 2861 periodica
1904 2819 2123 2849 statuantur
2147 2811 2187 2846 in
2215 2822 2276 2847 ra-

1234 2867 1339 2905 tione
1358 2864 1626 2916 sesquiplicata
1653 2865 1919 2903 distantiarum
1940 2878 1963 2902 a
1981 2872 2125 2908 centro,
2155 2871 2276 2900 mate-

1232 2920 1289 2957 ria
1306 2920 1457 2958 vorticis
1484 2918 1531 2957 ed
1558 2919 1714 2956 fluidior
1740 2918 1811 2956 erit
1838 2916 1916 2967 qud
1948 2916 2102 2968 longius
2120 2915 2235 2953 distat
2252 2929 2276 2953 a

1232 2980 1375 3019 centro,
1413 2972 1474 3010 vel
1503 2972 1715 3010 resistentia
1747 2971 1952 3022 augebitur
1983 2970 2021 3006 in
2050 2969 2186 3020 majori
2213 2981 2273 3006 ra-

1231 3026 1336 3064 tione
1355 3024 1472 3078 quam
1491 3038 1536 3064 ea
1554 3033 1610 3064 est
1628 3025 1668 3063 in
1688 3024 1764 3077 qua
1784 3024 1962 3063 velocitas
1980 3023 2136 3061 relativa
2154 3034 2273 3074 auge—

1231 3087 1307 3118 tur.

1286 3172 1378 3206 333.
1402 3168 1520 3207 Corol.
1542 3171 1579 3204 4.
1628 3166 1668 3205 Si
1696 3164 1920 3209 resistentia,
1941 3163 2087 3202 caeteris
2106 3161 2273 3211 paribus,

1231 3227 1420 3270 augeatur
1437 3220 1479 3256 in
1496 3221 1646 3257 ratione
1672 3220 1820 3256 minore
1846 3216 1964 3268 quam
1985 3218 2026 3253 in
2044 3216 2190 3253 ratione
2209 3228 2274 3252 ve·

1230 3273 1408 3319 locitatis,
1441 3273 1516 3310 boc
1535 3280 1603 3318 est,
1637 3273 1668 3309 si
1687 3272 1803 3310 index
1823 3285 1861 3322 p,
1894 3271 1944 3308 sit
1969 3269 2116 3308 unitate
2134 3269 2273 3315 minor,

1415 3421 1441 3456 p
1546 3373 1693 3411 binario
1711 3373 1846 3424 major,
1867 3379 1906 3410 et
1924 3369 2082 3421 proinde
2102 3378 2273 3418 tempora

1233 3459 1427 3510 periodica
1444 3459 1611 3509 partium
1631 3457 1783 3496 vorticis
1797 3466 1912 3496 erunt
1923 3458 1963 3495 in
1978 3456 2114 3506 majori
2128 3455 2272 3493 ratione

1235 3512 1352 3563 quam
1385 3510 1580 3561 duplicata
1605 3511 1753 3549 ratione
1780 3511 2048 3549 distantiarum
2077 3523 2100 3547 a
2127 3517 2271 3547 centro.

1238 3567 1342 3604 Nam
1361 3566 1420 3603 vel
1440 3573 1496 3603 est
1513 3578 1553 3602 m
1572 3578 1600 3601 n
1617 3581 1676 3603 ==
1694 3577 1729 3610 0,
1759 3564 1864 3614 quod
1887 3563 2078 3611 contingit
2096 3560 2191 3599 dum
2212 3574 2276 3598 ea-

1236 3619 1325 3657 dem
1350 3627 1406 3656 est
1434 3620 1578 3668 ubique
1609 3616 1719 3656 fluidi
1750 3617 1917 3655 densitas
1934 3627 1978 3653 ac
2006 3613 2187 3658 fluidims,
2216 3614 2275 3651 vei

1235 3685 1276 3709 m
1294 3685 1334 3718 n,
1355 3681 1411 3710 est
1430 3683 1615 3709 numerus
1633 3670 1826 3718 positivus,
1847 3669 1938 3719 quia
1956 3667 2129 3705 defectus
2147 3666 2275 3704 fluidi-

1236 3725 1324 3763 tatis
1341 3725 1401 3763 vel
1421 3725 1599 3768 densitas,
1620 3724 1741 3762 auctis
1759 3722 1948 3760 distantiis
1965 3734 1989 3759 a
2006 3727 2138 3758 centro
2155 3732 2273 3772 auge·

1235 3786 1300 3816 tur
1320 3780 1407 3830 (per
1428 3778 1516 3818 Cor.
1545 3776 1601 3827 1.)

1168 3852 1253 3892 U5
